2944 3754
418 328 461 395 ξ.
496 328 540 378 2.
612 326 918 386 Manifestior
961 332 1044 378 est
1089 325 1248 377 erasis
1283 324 1480 376 duorum
1516 326 1575 388 ἶέ,
1611 329 1819 393 ejusque
1854 327 2057 394 species
2093 326 2488 379 circumferuntur
2518 333 2664 396 duae,

285 438 406 487 quas
441 418 823 472 Choeroboscus
859 416 981 468 Can.
1016 418 1115 467 21⁷
1151 417 1409 468 discernit:
1452 419 1484 481 ἡ
1518 417 1742 481 αἰτιατικὴ
1785 421 1875 467 τῶν
1908 416 1980 474 εἷς
2007 418 2082 478 ἧξ-
2116 419 2428 482 πληθυντικῶν
2461 422 2541 470 dt&
2574 431 2655 489 τῆς

283 512 325 565 ξῖ
343 511 511 573 ἐμόνως
539 510 746 572 λέγεται,
779 508 836 555 οὐ
870 508 950 555 διὰ
985 511 1066 555 τοῦ
1099 509 1141 576 ἦ,
1178 508 1347 571 ἐπειδὴ
1381 506 1497 555 οὐδὲ
1531 508 1582 555 ἐν
1618 511 1675 571 τῇ
1710 507 1876 570 εὐθείᾳ
1907 507 2006 555 ἐστι
2041 507 2207 571 γνησία
2239 510 2270 571 ἡ
2305 515 2467 569 κρᾶσις
2497 514 2531 575 ἡ
2566 519 2651 561 τῶν

280 602 368 650 δύο
401 603 445 656 εἶ,
478 601 549 658 εἰς
579 601 631 649 τὸ
665 601 706 668 ἦ.
776 598 932 664 Hujus
968 598 1217 666 specimen
1254 603 1335 647 est
1370 596 1577 648 dativus*
1598 597 1803 647 nominis
1836 597 2003 657 σπέος,
2039 600 2181 663 cujus
2217 613 2354 663 quum
2391 599 2516 651 duae
2549 602 2653 669 pn'-

281 701 440 743 mores
477 691 681 742 vocales
718 688 936 740 contrahi
968 694 1193 756 possent,
1217 687 1323 739 *hoc
1355 689 1480 737 σπεῖι
1499 686 1879 754 auriumjudicio
1897 688 2199 755 reprobatum
2216 692 2300 739 ‚est
2324 705 2371 736 v.
2391 689 2562 742 Par-au,
2582 692 2651 744 24

278 775 459 847 proque
496 796 558 831 eo
595 778 775 845 placuit
809 769 933 830 duas
950 777 1256 845 posteriores
1291 778 1580 829 contrahere
1604 779 1741 828 σπέει
1777 783 1829 828 ut
1853 778 1954 826 δέει
1990 784 2042 828 et
2076 783 2243 828 cetera
2277 778 2324 827 in
2360 778 2435 841 εἷς
2469 789 2645 834 neutra.

278 869 471 922 Sed-id
500 869 618 934 quia
651 875 802 920 m'etro
837 866 1128 929 reluctatur,
1173 868 1412 919 Homerus
1446 868 1494 918 in
1529 874 1642 934 σπῆι
1677 866 1876 918 mutavit
1911 868 2031 916 κατὰ
2065 872 2224 929 godone
2258 871 2348 916 τῶν
2382 869 2472 917 δύο
2505 871 2559 924 ἆ·
2580 871 2649 928 εἰς

275 958 555 1029 ἧὶκαθάπερ
585 958 856 1022 Ἱῆοακλέεος
880 958 1127 1024 Ἡοακλῆος·
1158 958 1339 1009 Choer.
1374 958 1438 1008 de
1472 959 1735 1019 'forn-117,
1777 960 1848 1007 15.
1908 958 2051 1007 Hanc
2086 957 2393 1008 mutationem
2427 959 2511 1009 alii
2545 977 2648 1010 me—

276 1050 488 1100 tathesin
524 1058 701 1101 vocant
752 1051 835 1099 vel
867 1056 1055 1116 tropen.
1122 1049 1202 1098 De
1244 1055 1446 1113 utraque
1490 1049 1623 1097 erasi
1663 1047 1830 1097 iterum
1873 1047 2138 1113 iterumque
2184 1048 2382 1098 disserit
2417 1048 2648 1100 choero-

275 1141 480 1199 boseuS,
534 1139 773 1206 subjectis
810 1145 1023 1189 veterum
1057 1138 1349 1205 scriptorum
1387 1138 1653 1205 exemplis,
1706 1153 1834 1203 quae.
1864 1137 1973 1187 sine
2010 1136 2154 1187 dubio
2189 1138 2345 1187 omnia
2378 1154 2447 1189 ex
2480 1140 2648 1190 Hero-

274 1228 405 1278 diaui
455 1229 576 1278 libro
629 1230 739 1293 περὶ
784 1232 949 1277 παθῶν
1000 1227 1175 1276 hausit.
1263 1228 1402 1276 Haec
1443 1227 1591 1292 igitur
1643 1243 1711 1276 ex
1756 1227 1927 1276 ordine
1971 1228 2207 1276 enarrabo
2251 1206 2383 1277 initio
2420 1236 2579 1278 sumto
2615 1246 2646 1277 a

272 1319 525 1369 vocabulis
561 1335 685 1384 quae
722 1319 803 1369 vel
838 1318 1182 1385 diphthongum
1218 1318 1298 1367 vel
1334 1317 1768 1384 monophthongum
1803 1312 1851 1365 in
1871 1317 2080 1384 syllabis
2115 1317 2453 1383 principalibus
2488 1334 2643 1368 acce-

272 1417 454 1476 perunt.
510 1409 799 1475 Hujusmodi
832 1426 971 1459 unum
1006 1426 1036 1458 a
1072 1406 1317 1460 Choerob.
1354 1406 1491 1458 Orth.
1511 1407 1626 1468 255,
1662 1408 1742 1458 26.
1775 1408 1994 1458 affertur:
2030 1408 2162 1470 παρὰ
2197 1407 2247 1456 τὸ
2276 1408 2404 1470 ῥέειν
2437 1409 2641 1472 γίγνεται

265 1499 468 1561 ῥέεθρον
511 1498 590 1547 καὶ
630 1500 792 1562 κράσει
832 1501 1045 1563 ῥεῖθρον,
1097 1513 1234 1565 quam
1270 1497 1411 1565 paulo
1465 1503 1582 1564 post
1614 1499 1893 1563 συναλοιφὴν
1927 1504 2089 1548 vocat.
2160 1496 2246 1547 Ad
2291 1498 2407 1549 illud
2449 1515 2638 1562 nomeu,

270 1588 399 1653 quod
448 1588 497 1637 iu
540 1590 702 1639 soluto
748 1604 973 1640 sermone
1017 1588 1155 1638 binas
1199 1587 1420 1654 syllabas
1463 1603 1696 1652 nunquam
1741 1586 2016 1653 egreditur,
2069 1586 2266 1639 accedit
2306 1589 2544 1655 poeticum
2580 1592 2637 1638 τὰ

268 1678 396 1726 κλεΐα
430 1678 635 1728 Hesiod.
709 1679 761 1727 ln
797 1678 1042 1743 synthetis
1077 1695 1273 1742 quorum
1321 1694 1435 1742 pars
1477 1676 1726 1743 posterior
1767 1676 1960 1743 epsilon
1994 1677 2261 1744 principale
2297 1678 2460 1730 clitico
2494 1686 2635 1731 ante-

264 1768 479 1834 positum
516 1768 687 1828 habet,
740 1779 1069 1833 nonnunquam
1104 1765 1433 1835 diphthongus
1477 1782 1585 1817 cum
1618 1766 2011 1834 monophthongo
2049 1774 2205 1819 certat
2249 1772 2299 1817 ut
2333 1768 2388 1819 11.
2429 1769 2487 1819 V.
2521 1771 2634 1822 525.

266 1861 492 1923 ζαχρειῶν
543 1860 748 1922 ἀνέμων,
810 1858 939 1924 quod
989 1867 1190 1908 veteres
1238 1859 1507 1921 χρειωδῶν,
1557 1857 1826 1922 εὐχρήστων
1875 1858 2248 1925 interpretantur
2297 1864 2518 1924 tanquam
2569 1878 2633 1911 ex

262 1950 499 2013 ζαχρεέων
533 1951 801 2000 conflatum.
872 1948 963 2000 Sic
998 1956 1156 1999 autem
1204 1948 1254 1997 in
1288 1946 1430 1997 codd.
1486 1953 1538 1998 et
1571 1946 1703 1998 Edd.
1746 1948 1965 2015 pristinis
2001 1948 2234 2016 scriptum
2278 1956 2358 2000 est
2400 1950 2631 2017 probante

262 2040 555 2090 Thierschio
592 2046 639 2097 §-
682 2041 775 2091 193
810 2058 855 2106 p.
898 2038 1008 2089 102.
1072 2038 1245 2090 Ceteri
1280 2038 1509 2087 VVolfium
1544 2046 1810 2104 sequuntur
1843 2043 2060 2105 ζαχρηῶν
2094 2040 2389 2090 scribentem
2425 2041 2551 2107 quod
2581 2043 2629 2090 in

263 2130 450 2181 duobus
485 2131 595 2180 aliis
630 2130 757 2180 locis
792 2131 1041 2199 epitheton
1078 2138 1158 2181 est
1193 2136 1506 2197 pugnatorum
1540 2130 1747 2192 acrium,
1784 2147 1928 2196 quare
1965 2132 2082 2182 Sch.
2115 2131 2233 2181 xm.
2269 2132 2383 2182 684.
2418 2133 2544 2195 πῳὰ
2580 2134 2630 2180 τὸ

255 2223 393 2283 χράω
416 2222 597 2285 χραύω.
649 2221 744 2271 Hic
779 2221 824 2270 si
859 2223 1067 2286 ζαχοεής
1093 2236 1180 2288 pro
1215 2220 1448 2288 primitivo
1484 2220 1707 2283 habetur,
1743 2220 1933 2271 dubium
1970 2222 2044 2282 fit,
2089 2229 2239 2272 utrum
2272 2223 2318 2276 Ξῖ
2354 2238 2418 2272 ex
2441 2222 2627 2273 duobus

259 2310 303 2364 ἴε
339 2312 655 2377 compositum
698 2327 759 2359 an
800 2311 901 2360 iota
945 2310 1260 2360 extrinsecus
1293 2310 1536 2375 adjectum
1581 2311 1669 2372 sit,
1724 2311 1852 2376 quod
1889 2312 2198 2362 Grammatici
2246 2313 2483 2362 nonnullis
2517 2313 2625 2361 aliis

257 2401 477 2463 tribuunt,
511 2402 703 2467 primum
740 2400 809 2449 illi
842 2400 1093 2466 quinquies
1128 2400 1336 2466 repetito
1371 2401 1579 2462 ἐὶᾖὸῥεῖος
1610 2404 1859 2462 ποταμοῖο,
1897 2401 1960 2450 de
1998 2418 2090 2466 quo
2124 2403 2291 2451 Schol.
2328 2402 2391 2450 ad
2424 2402 2558 2451 xxi.
2596 2405 2623 2450 l

257 2491 351 2539 ἀπὸ
394 2494 474 2538 τοῦ
516 2492 688 2554 εὐρεύς
727 2490 823 2539 κατ’
865 2490 1107 2539 ἐπένθεσιν
1151 2493 1231 2537 τοῦ
1267 2492 1287 2543 ἶ
1323 2491 1354 2555 ἢ
1399 2490 1493 2538 ἀπὸ
1536 2493 1615 2537 τοῦ
1659 2490 1832 2555 εὐρεής
1875 2490 2074 2553 εὐρεέος
2111 2492 2189 2540 καὶ
2233 2495 2394 2556 κράσει
2428 2492 2624 2554 εὐρεῖος.

257 2582 599 2633 Nominativus
634 2582 805 2643 εὐρεύς
846 2588 1013 2631 contra
1046 2581 1322 2645 analogiam
1356 2581 1564 2646 fingitur,
1600 2582 1845 2646 genitivus
1879 2582 2077 2644 εὐρεέος
2107 2582 2290 2649 duplici
2324 2583 2463 2631 modo
2500 2598 2625 2632 con—

256 2670 376 2720 trahi
395 2677 558 2737 potest
576 2671 789 2734 εὔῤῥεῖος
819 2678 871 2721 et
897 2672 1107 2736 ἐϋῤῥῆος,
1143 2669 1271 2735 quod
1306 2669 1450 2720 codd.
1487 2671 1669 2737 aliquot
1702 2672 1781 2722 hic
1818 2672 1963 2722 ethis
1992 2672 2106 2722 alibi
2124 2673 2352 2724 exhibent
2369 2672 2485 2721 Xlll.
2505 2673 2622 2734 433,

253 2761 366 2812 XV.
386 2763 498 2813 262.
555 2763 630 2812 De
666 2761 740 2811 his
777 2761 966 2826 quidem
1003 2760 1115 2811 nihil
1150 2759 1352 2826 amplius
1387 2759 1578 2824 dicitur,
1614 2761 1710 2812 sed
1746 2761 1809 2812 de
1845 2762 2080 2812 similibus
2114 2763 2341 2813 habemus
2377 2763 2622 2828 gravissi-

252 2868 430 2902 morum
465 2858 720 2902 auctorum
735 2850 923 2918 judicia
1008 2852 1213 2901 Primum·
1247 2866 1276 2899 a
1312 2848 1521 2916 Didymo
1555 2852 1753 2906 relatum
1791 2852 1856 2901 ad
1890 2853 1943 2901 ll.
1981 2852 2076 2902 xu.
2110 2854 2207 2905 318
2243 2852 2432 2918 ἁκληεΐς
2457 2852 2619 2917 Λυκίην

252 2944 371 2989 κατὰ
405 2943 740 3004 κοιρανέουσιν,
792 2942 868 2991 his
903 2938 1068 2993 verbis
1105 2944 1313 2997 ἀκλειεῖς·
1358 2926 1510 2998 οὸτιυς
1542 2945 1615 3004 (αἱ
1646 2943 1818 3006 κοιναί)
1856 2945 2023 2999 ἀκλεές·
2053 2945 2191 3007 (sine
2226 2947 2462 3004 accentu)
2497 2945 2524 2989 ὁ
2559 2944 2617 2990 δὲ

246 3031 538 3097 Ἀρίσταρχος
570 3034 688 3082 κατὰ
723 3033 954 3097 συγκοπὴν
988 3034 1057 3089 ὡς
1088 3033 1139 3081 τὸ
1155 3032 1371 3091 δυσκλέα,
1405 3039 1457 3082 et
1486 3033 1709 3084 continuo
1737 3040 1852 3100 post
1868 3033 2019 3091 οὕτως
2033 3035 2201 3091 ἀκλεες
2224 3034 2362 3097 [sine
2379 3036 2614 3094 accentu)

251 3123 302 3170 αἱ
329 3122 611 3187 Ἀριςτάρχου
646 3124 722 3173 καὶ
757 3125 808 3173 αἱ
835 3123 1151 3188 χαριέστεραι,
1189 3140 1380 3189 quorum
1415 3131 1601 3190 partem
1634 3123 1839 3191 priorem
1872 3125 1938 3174 Μ.
1958 3124 2258 3179 Schmidtius
2294 3141 2397 3175 cum
2417 3123 2608 3175 Villois.
