2944 3754
277 361 560 410 consuetum
595 356 927 409 adverbiorum
964 355 1363 422 complementum
1398 354 1524 419 πρωὶι
1572 362 1623 406 et
1657 355 1931 422 conjunctis
1985 356 2240 406 vocalibus
2277 357 2387 420 πρῴ
2427 360 2501 408 cui
2545 360 2647 410 iota

275 444 530 500 obscurius
565 463 750 499 sonans
796 444 981 497 sensim
1015 444 1231 497 adscribi
1274 444 1482 498 desitum
1519 451 1612 496 est.
1682 445 1840 511 Hujus
1874 444 2080 512 triplicis
2116 446 2385 514 scripturae
2423 449 2647 516 exempla

264 542 371 604 jam
405 539 465 588 ab
500 539 609 589 aliis
647 537 861 590 collecta
895 542 1022 587 sunt.
1089 536 1224 603 Nec
1240 536 1412 619 miuus
1422 537 1694 612 fluctuant.
1707 534 1926 586 derivata
1962 536 2157 598 πρώιος,
2199 541 2372 600 πρῷος,
2426 538 2645 601 πρώιρος,

270 632 482 692 πρῷμος,
517 627 842 692 πρωιαίτεροῇ
882 626 1196 701 πρωαίτατος,
1248 617 1372 694 quae
1405 643 1738 709 nonnunquam
1774 625 1933 681 siue
1910 625 2237 692 'scribuntur
2270 634 2321 677 et
2354 627 2647 696 saepissime

273 720 457 785 πρώην,
506 718 570 769 de
605 734 699 784 quo
736 705 1044 768 Grammatici
1079 724 1217 768 recte
1241 716 1469 783 judicant
1503 718 1598 767 ἀπὸ
1632 722 1717 784 τῆς
1747 718 1839 780 πρό
1871 716 2039 780 γέγονε
2067 716 2214 781 προΐα
2247 718 2326 767 καὶ
2358 721 2389 784 ἡ
2423 720 2646 785 ainana&

269 808 435 870 προῖαν
460 808 538 856 καὶ
563 808 750 856 ἐκτάσει
768 806 946 868 πρωΐαν
972 807 1049 854 καὶ
1067 807 1260 863 ἷωνικῶς
1279 808 1456 872 πρωΐην
1482 808 1562 863 καὶ
1584 809 1704 857 κατὰ
1723 807 1986 869 συναζοεσιν
2015 807 2175 870 πρῴην
2193 806 2422 873 Theogn.
2437 811 2546 870 154,
2560 809 2645 871 34,

271 898 440 965 quibus
474 897 630 964 Epim.
668 898 704 946 1.
740 898 857 961 398,
891 900 958 947 21
993 897 1224 950 distincte
1258 897 1393 948 addit
1426 900 1504 947 καὶ
1538 898 1640 964 ἔχει
1677 900 1728 947 τὸ
1751 900 1798 959 ἶ,
1842 901 1984 964 cujus
2017 898 2277 964 vestigium
2314 899 2533 949 relictum
2568 908 2643 949 est

268 987 317 1038 in
354 987 524 1041 Schol.
560 986 672 1039 XV·
706 989 834 1052 470,
888 987 984 1039 scd
1028 987 1138 1054 quia
1178 1005 1209 1038 a
1250 988 1608 1055 significatione
1651 989 1902 1055 adjectiva
1943 987 2183 1050 descivit,
2233 988 2512 1055 plerumque
2548 1004 2644 1038 non

268 1078 431 1130 habet.
470 1109 527 1116 ——
578 1079 630 1127 ln
665 1078 994 1129 declinatione
1030 1078 1158 1129 nulla
1193 1079 1246 1128 fit
1276 1078 1475 1138 mutatio
1511 1084 1653 1129 extra
1687 1078 1878 1129 dualem
1912 1078 2205 1146 pronominis
2238 1064 2542 1146 possessivi3
2597 1079 2648 1127 τὸ

270 1171 335 1217 νῶ
368 1160 446 1217 καὶ
479 1172 582 1234 οφῶ
617 1169 700 1219 σὺν
735 1173 801 1233 τῷ
828 1170 852 1224 ἶ
881 1167 1120 1234 γράφουσί
1156 1184 1278 1225 τινες
1307 1169 1524 1234 λέγοντες
1561 1169 1656 1218 ἀπὸ
1700 1168 1780 1217 τοῦ
1823 1173 1902 1217 νῶι
1947 1168 2024 1217 καὶ
2066 1173 2184 1234 σφῶι
2227 1171 2342 1217 κατὰ
2385 1169 2649 1232 συναζοεσιν

269 1256 365 1307 ἀλλ’
398 1260 430 1322 ἡ
465 1259 727 1320 παράδοσις
762 1258 850 1308 οὐκ
883 1256 985 1322 ἔχει
1021 1258 1073 1308 τὸ
1103 1260 1128 1311 ἶ
1163 1258 1279 1309 ΕΜ.
1312 1260 1427 1322 609,
1462 1260 1543 1310 45.
1586 1259 1817 1325 additque
1860 1265 2123 1326 praeterea
2164 1259 2286 1310 alios
2325 1258 2378 1309 id
2419 1273 2646 1326 apocope

265 1346 476 1399 recisum
509 1347 679 1403 dicere
712 1354 894 1399 mutato
929 1347 1070 1399 simul
1104 1354 1311 1400 accentu
1344 1348 1456 1414 quia
1489 1348 1526 1403 Z,
1562 1347 1720 1399 dualis
1755 1347 2072 1400 circumflecti
2112 1365 2208 1399 non
2240 1347 2471 1415 patiatur,
2514 1346 2644 1400 alios

267 1444 427 1503 autem
444 1446 705 1504 utrumque
739 1439 945 1490 nativum
984 1445 1037 1488 et
1072 1439 1377 1489 thematicum
1393 1439 1593 1503 hahere,
1627 1457 1753 1505 quae
1770 1438 2019 1490 sententia
2031 1437 2313 1490 Herodiano
2348 1439 2644 1491 tribuebatur

264 1531 315 1578 in
330 1529 643 1581 th.1.574.
669 1531 843 1593 τὸοφώ
858 1530 1152 1591 πρωτόθετόν
1168 1547 1320 1595 φησιν,
1346 1531 1434 1579 οὐκ
1455 1531 1551 1579 ἀπὸ
1576 1536 1661 1596 τῆς
1681 1531 1815 1593 σφῶι.
1834 1558 1896 1567 -—
1917 1530 1997 1579 De
2026 1528 2371 1597 dissegrapbia
2387 1530 2640 1579 verborum

267 1635 391 1686 quae
410 1619 507 1670 dici
524 1625 747 1687 possunt,
765 1620 1103 1678 Grammaticis
1121 1627 1332 1689 accepta
1348 1621 1634 1673 referimus=
1671 1621 1724 1670 τὸ
1757 1620 1909 1683 σῴζω,
1945 1619 2113 1684 πλῴζω
2145 1620 2228 1669 σὺν
2262 1625 2328 1685 τῷ
2360 1622 2391 1675 l·
2423 1619 2640 1685 εὕρηνται

266 1710 359 1770 γὰρ
392 1709 444 1756 ἐν
478 1709 705 1769 διαιρέσει
740 1711 1058 1777 τρισυλλάβως
1075 1711 1318 1775 Theogn.
1357 1713 1469 1772 124,
1504 1712 1587 1761 23.
1648 1710 1792 1772 Σῴζω
1824 1715 1877 1759 et
1911 1711 2067 1760 ceteri
2099 1707 2330 1776 temporis
2362 1709 2640 1775 praesentis

265 1799 396 1849 modi
429 1800 655 1865 leguntur
687 1816 784 1848 non
816 1817 927 1852 raro
964 1807 1022 1851 et·
1048 1817 1204 1868 saepe
1223 1800 1398 1851 Critici
1430 1802 1586 1851 nostri
1618 1802 1804 1851 literam
1839 1800 2092 1865 fugitivam
2126 1817 2157 1849 e
2181 1800 2327 1851 codd.
2353 1806 2641 1849 revocarunt

268 1890 485 1955 quamvis
516 1889 785 1940 ,damnatam
818 1890 1054 1957 Didymo,
1108 1890 1187 1940 cui
1220 1890 1520 1957 trisyllabum
1556 1891 1709 1946 σωΐζω
1747 1891 1963 1956 ignotum
2009 1889 2168 1940 fixisse
2202 1896 2430 1957 apparet3
2481 1904 2637 1953 neque

264 1979 406 2032 nobis
423 1978 650 2042 occurrit,
675 1979 771 2030 sed
805 1981 1032 2031 convenit
1067 1996 1188 2032 sane
1216 1980 1568 2046 glossematico
1596 1981 1821 2035 ἀπεσόὶέε
1837 1978 2060 2046 Hesych.
2079 1980 2337 2047 aptiusque
2369 1984 2450 2029 est
2474 1985 2635 2046 etymo

266 2069 378 2117 οώω
416 2074 470 2118 ιιι
504 2069 645 2117 πλώω
679 2068 888 2129 πλωῖζω,
942 2072 1083 2135 cujus
1127 2070 1400 2120 terminatio
1443 2070 1748 2136 paragogica
1782 2076 1863 2120 est
1889 2069 1991 2131 ἶωῖ
2031 2070 2234 2140 ἢΠλῴζιυ
2276 2085 2373 2119 non
2404 2068 2639 2135 reperitur

267 2157 363 2210 sed
395 2163 575 2209 testem
608 2158 756 2211 habet
772 2158 888 2210 EM.
902 2160 1017 2210 677.
1046 2160 1113 2210 25
1148 2161 1289 2218 πλόος
1318 2159 1488 2217 πλοΐζω
1521 2160 1600 2210 καὶ
1633 2161 1752 2209 κατὰ
1786 2157 1971 2208 ἔκτασιν
2005 2158 2190 2216 πλωΐζω
2223 2159 2302 2208 καὶ
2336 2159 2452 2207 κατὰ
2483 2158 2635 2206 συναί-

261 2263 394 2309 pem»
430 2248 619 2312 πλῴζῶ,
651 2251 722 2304 ὡς
752 2249 972 2314 (χροΐζω)
1002 2250 1215 2314 χρωῖζω,
1246 2251 1432 2315 χρῴζω,
1467 2266 1561 2317 quo
1595 2256 1797 2301 auctore
1831 2250 2086 2300 Porsonus
2119 2250 2169 2300 in
2204 2249 2320 2300 Eur.
2352 2247 2484 2299 Med.
2518 2248 2635 2309 497,

268 2337 536 2400 κέχρῳσμαι
580 2337 791 2404 scripsit.
881 2340 1152 2390 Praetereo
1195 2340 1292 2390 alia
1335 2355 1458 2405 qnae
1498 2341 1683 2405 passim
1725 2339 1957 2390 adnotata
2005 2345 2128 2390 sunt.
2217 2340 2266 2387 ln
2310 2336 2635 2388 declinatione

267 2426 520 2476 verborum
554 2426 973 2477 animadvertimus
1009 2427 1257 2487 diaeresin
1292 2428 1536 2495 augmenti
1569 2429 1720 2479 verbo
1754 2427 1933 2492 οἴγνυμι
1968 2443 2256 2478 concessam
2291 2427 2424 2487 ὤιξε,
2459 2426 2634 2488 ἐξεφα-

267 2518 385 2582 νήθη
419 2517 472 2565 τὸ
491 2520 517 2573 ἰ
545 2520 977 2583 προσεγραιψένον
1011 2519 1179 2573 Schol.
1221 2520 1315 2571 Od.
1335 2520 1403 2572 111.
1436 2522 1546 2573 392.
1584 2519 1802 2584 ὠΐγνυντο
1836 2521 1953 2570 κατὰ
1987 2520 2223 2570 διάστασιν
2256 2514 2372 2569 ΕΜ.
2403 2516 2520 2579 820,
2553 2517 2637 2569 36.

268 2606 545 2674 ἀνωίχθηοιν
577 2609 741 2660 Noun.
776 2610 862 2662 Vl.
896 2610 1008 2661 250.
