2944 3754
1410 289 1484 340 lo

259 426 432 487 omisit,
467 425 514 474 in
550 425 704 475 altera
739 423 908 480 ἀκλέες
938 423 1152 491 scripsit.
1222 422 1492 491 Syncopen
1531 423 1846 474 Aristarchus
1881 426 1928 474 si
1962 440 2059 475 non
2095 425 2377 492 appellavit,
2411 432 2462 476 at
2499 434 2634 477 certe

255 514 550 580 significavit
600 533 632 564 a
671 512 907 580 primitivo
951 513 1150 569 ἀκλεέες
1178 513 1456 580 profectus,
1508 514 1588 564 cui
1621 512 1813 582 epsilon
1858 514 2126 566 secundum
2160 521 2404 568 exeuntum
2437 517 2634 584 putavit.

256 605 409 666 Quum
445 621 566 654 vero
605 603 773 659 ἀκλέες
802 608 955 653 metro
990 608 1308 670 repugnaret,
1360 603 1530 654 facere
1578 621 1673 655 non
1707 603 1890 671 potuit,
1942 603 2052 669 quin
2087 604 2246 673 epsilo
2279 603 2503 672 primario
2535 605 2638 657 iota

255 696 499 761 adjectum
551 712 669 744 esse
721 699 973 744 statueret.
1046 694 1172 743 Tum
1205 694 1270 743 sd
1304 693 1365 742 X.
1403 696 1500 745 281
1539 696 1664 752 δός-
1682 695 1894 750 ἐϋκλεῖας
1923 694 2198 757 ἀφικέσθαι,
2253 693 2435 762 duplex
2468 698 2638 748 exstat

253 784 531 846 adnotatio,
582 800 673 834 una
722 783 992 834 Aristonici
1035 784 1166 832 ἰακὸν
1210 784 1261 830 τὸ
1300 784 1566 832 συστέλλειν
1621 785 1836 839 εὐκλεΐας
1886 782 1966 830 καὶ
2007 784 2226 832 δυσκλέα·
2276 785 2323 832 οἱ
2363 783 2423 831 δὲ
2459 782 2637 832 Ἇτπκοὶ

257 874 512 923 ἐπιτείνουσι
549 875 603 921 τὰ
640 876 843 920 τοιαῦτα·
888 874 1047 923 altera
1080 872 1350 923 Herodiani
1385 872 1602 930 εὐκλεΐας
1632 872 2080 937 προπερισπαστέον·
2114 875 2172 922 ἐκ
2203 875 2295 937 γὰρ
2329 877 2410 922 τοῦ
2444 873 2643 929 ἑυκλέας

255 964 447 1026 ἐγένετο
480 961 576 1012 κατ’
611 962 857 1011 ἐπένθεσιν
892 966 973 1011 τοῦ
1008 964 1039 1017 ἶ·
1081 965 1131 1010 οἱ
1160 963 1220 1010 δὲ
1254 962 1536 1019 ἐκτείνοντες
1557 964 1672 1012 ἄνευ
1695 965 1834 1028 λόγου
1865 963 2130 1011 ἐπιτείνουσι.
2180 964 2450 1014 Aristonici
2488 964 2638 1012 verba

257 1054 341 1115 iis,
394 1069 517 1119 quae
554 1051 616 1103 de
652 1052 943 1104 Aristarcho
990 1053 1127 1104 dicta
1163 1059 1301 1112 sunt,
1346 1066 1440 1103 non
1475 1060 1760 1120 repugnant.
1829 1052 2138 1105 Herodianus
2171 1054 2451 1121 posthabito
2485 1059 2636 1105 tetra·

259 1144 467 1209 syllano,
503 1146 642 1207 cujus
677 1143 955 1209 exemplum
990 1143 1154 1205 deest,
1189 1144 1447 1193 Homerum
1482 1143 1667 1210 putavit
1700 1144 1901 1194 animum
1931 1143 2159 1195 retulisse
2195 1143 2260 1193 ad
2276 1144 2636 1203 usitatadxkka,

259 1233 490 1295 ἀγακλέα,
543 1233 734 1295 ἐυκλέα,
787 1240 933 1299 atque
968 1233 1070 1295 his,
1118 1233 1163 1282 si
1207 1233 1397 1297 quando
1433 1250 1557 1300 opus
1593 1239 1760 1294 esset,
1812 1234 1914 1284 iota
1948 1232 2221 1285 inseruisse
2255 1233 2492 1294 εὐκλεΐας,
2545 1248 2637 1299 quo

258 1325 451 1389 syllaba
486 1323 538 1384 21}
572 1324 736 1372 brevis
770 1324 1063 1387 relinquitur.
1134 1323 1240 1372 Hoc
1278 1324 1402 1372 enim
1439 1330 1519 1372 est
1552 1324 1680 1387 quod
1717 1343 1747 1373 a
1785 1324 1996 1375 Lehrsio
2036 1322 2345 1386 dissentiam,
2396 1323 2477 1389 qui
2508 1322 2639 1374 illum

258 1429 352 1461 non
389 1412 819 1474 προπερισπαστέον
854 1412 1125 1478 scripsisse
1161 1412 1351 1474 statuit,
1406 1412 1500 1463 sed
1535 1414 1890 1475 περισπαστέον.
1978 1413 2122 1475 Quod
2173 1413 2219 1464 si
2270 1412 2350 1479 qui
2401 1412 2638 1474 fecerunt,

257 1502 523 1550 nominibus
566 1503 614 1551 in
651 1503 728 1568 {v}
763 1502 1056 1552 exeuntibus
1102 1501 1203 1550 nixi
1239 1508 1374 1563 sunt,
1427 1517 1550 1568 quae
1587 1503 1795 1553 vocales
1828 1504 2002 1554 finales
2037 1504 2090 1558 ἶᾶ
2127 1502 2414 1554 contrahunt
2447 1501 2643 1564 ἀγυιέας

257 1592 335 1639 καὶ
368 1594 488 1640 κατὰ
522 1593 785 1656 συναίρεσιν
820 1594 989 1656 ἀγυιᾶς
1003 1592 1168 1660 steph.
1190 1601 1284 1641 etc.
1314 1601 1395 1641 aut
1421 1593 1661 1643 finxerunt
1681 1593 2002 1644 nominativos
2020 1594 2231 1653 ἀκλεεύς,
2255 1592 2513 1647 &amaseae
2524 1597 2639 1651 etc,

258 1697 451 1747 quorum
499 1684 700 1734 fictores
737 1683 1000 1748 designavi
1041 1683 1089 1731 in
1125 1684 1304 1732 Parall.
1339 1685 1439 1735 2:35
1484 1690 1567 1734 aut
1610 1684 1752 1734 etiam
1793 1684 2129 1734 accusativum
2162 1684 2395 1750 pluralem
2429 1684 2644 1739 ἐυκλειᾶς

257 1780 532 1822 sumserunt
566 1774 804 1839 singulari
839 1773 993 1823 attico
1030 1774 1057 1821 ἐ
1094 1775 1239 1821 υκλεᾶ
1274 1790 1362 1839 per
1378 1774 1735 1840 synecdromen
1756 1772 1992 1839 quandam
2019 1774 2338 1825 assimilatum
2363 1786 2498 1823 esse.
2531 1772 2641 1822 Hos

255 1862 403 1927 igitur
438 1879 606 1913 omues
640 1870 778 1930 patet
812 1864 1046 1913 rationem
1083 1864 1464 1929 qualemcunque
1500 1869 1737 1929 sequutos
1772 1879 1906 1914 esse.
1977 1862 2088 1914 Sed
2132 1863 2324 1914 fuerunt
2376 1861 2519 1913 etiam
2561 1860 2642 1927 qui

257 1952 494 2017 syllabam
539 1953 619 2018 ἶς’,
670 1960 722 2003 ut
757 1951 1069 2003 Herodianus
1112 1951 1256 2014 dicit,
1308 1952 1637 2003 extenderent
1683 1952 1796 2001 ἄνευ
1838 1953 1990 2016 λόγου.
2075 1952 2186 2004 Hos
2234 1952 2382 2019 igitur
2432 1951 2644 2007 ἐϋκλεῖας

257 2042 527 2109 scripsisse
579 2059 795 2094 nesesse
847 2050 954 2104 est,
1007 2041 1137 2108 quod
1172 2041 1266 2091 0d.
1302 2041 1430 2093 ΧΧΙ.
1467 2042 1565 2093 331
1611 2059 1734 2092 unus
1768 2041 1892 2093 Rob.
1939 2042 2140 2094 exhibet
2173 2041 2465 2094 consonanti
2497 2047 2638 2092 ante-

255 2133 481 2199 positum‚
518 2134 793 2202 complures
829 2149 948 2184 vero
984 2133 1032 2182 in
1071 2133 1123 2183 ll.
1158 2133 1189 2184 l.
1227 2149 1268 2183 c.
1307 2137 1546 2198 sequente
1580 2132 1769 2195 vocali3
1815 2149 1939 2199 quae
1985 2150 2068 2184 res
2113 2133 2369 2184 nonnullos
2392 2131 2639 2200 permovit

259 2231 307 2272 ut
358 2224 504 2291 alpha
555 2224 905 2292 producerent,
975 2224 1104 2290 quod
1157 2224 1420 2292 solamarsi
1474 2223 1601 2274 effici
1651 2225 1820 2290 potuit.
1921 2224 2175 2291 Duplicem
2225 2224 2352 2273 viam
2403 2229 2638 2273 monstrat

257 2312 371 2363 EM.
392 2314 508 2376 392,
534 2316 614 2366 22.
653 2315 882 2379 εὐκλεής·
915 2317 948 2378 ἡ
983 2314 1209 2379 αἰτιατικὴ
1246 2319 1333 2362 τῶν
1368 2315 1682 2378 πληθυντικῶν
1716 2314 1826 2370 τοὺς
1856 2314 2083 2370 εὐκλεέας
2112 2314 2190 2362 καὶ
2223 2314 2342 2361 κατὰ
2375 2312 2635 2373 συναζοεσιν

257 2403 471 2460 εὐκλείας
511 2405 626 2466 (hoc
669 2408 794 2466 acc.)
848 2405 878 2469 ἢ
924 2405 1019 2453 ἀπὸ
1054 2408 1135 2453 τοῦ
1179 2404 1378 2460 εὐκλέας
1419 2403 1667 2452 ἐπενθέσει
1703 2407 1783 2452 τοῦ
1813 2404 1849 2458 ἶ
1917 2405 2221 2471 Synaeresis
2255 2401 2444 2452 nomine
2478 2400 2636 2466 signi-

257 2492 370 2543 fleat
405 2494 565 2543 crasin
604 2494 798 2544 duorum
834 2493 880 2549 ξε
916 2494 961 2543 in
1000 2491 1039 2548 ξι
1075 2493 1302 2551 εὖκλεέας
1332 2493 1548 2550 εὐκλεΐας
1577 2501 1784 2543 accentu
1818 2494 1958 2561 gravi
2002 2510 2108 2543 cum
2151 2498 2296 2541 acuto
2346 2491 2393 2539 in
2430 2490 2634 2540 circum-

260 2582 434 2632 flexum
481 2590 530 2632 ut
565 2584 694 2634 solet
729 2592 954 2635 coeunte.
1025 2582 1147 2634 Cum
1182 2582 1276 2634 hae
1311 2590 1470 2634 autem
1508 2581 1721 2633 diaeresi
1755 2600 1910 2652 saepe
1955 2589 2113 2635 certat
2149 2597 2210 2631 ea
2251 2598 2344 2647 qua
2377 2580 2472 2631 duo
2507 2581 2555 2635 ἦ
2585 2581 2632 2632 in

264 2679 343 2721 eta
375 2680 636 2734 mutantur,
679 2672 807 2724 unde
843 2680 987 2724 natae
1024 2679 1137 2723 sunt
1170 2673 1286 2724 illae
1324 2673 1612 2741 multiplices
1649 2674 1919 2742 scripturae
1955 2670 2348 2723 vicissitudines:
2402 2674 2632 2736 ζαχρηῶν,

261 2761 478 2824 ἐὲζόῥεῖος,
513 2765 701 2830 ἀτρῆες,
741 2761 869 2829 quod
904 2762 951 2812 in
987 2763 1168 2812 Parall.
1205 2765 1303 2814 235
1336 2762 1536 2829 adjunxi
1570 2764 1628 2824 *J
1681 2771 1732 2815 et
1779 2780 1904 2830 quae
1938 2762 2155 2829 proxime
2188 2767 2304 2813 ante
2338 2762 2487 2812 allata
2521 2766 2634 2810 sunt

259 2852 447 2916 ἀκλήεις
477 2862 571 2903 etc.
609 2852 737 2919 quod
773 2868 935 2918 genus
972 2853 1131 2902 erasis
1167 2852 1456 2903 Eustathius
1473 2855 1592 2914 907,
1626 2855 1685 2903 51
1729 2861 1780 2903 et
1816 2854 1899 2902 alii
1933 2859 2103 2918 tropae
2138 2852 2329 2902 nomine
2366 2850 2632 2915 distingunt

261 2957 416 3009 eaque
466 2944 512 2992 iu
548 2960 641 2994 uno
679 2943 897 3009 genitivo
934 2944 1165 3009 ἀγακλῆος
1220 2959 1308 3010 per
1351 2959 1517 2995 omnes
1551 2944 1704 2994 libros
1742 2942 1992 3008 divulgata
2035 2950 2114 2993 est
2150 2941 2323 2996 eadem
2359 2939 2631 2990 constantia

400 3167 442 3217 ·)
486 3163 573 3207 Hic
617 3165 714 3207 addi
756 3173 918 3223 poterat
962 3181 1038 3224 pro
1076 3168 1277 3227 ἐϋρρεῖος
1313 3170 1532 3223 ποταμοῖο
1563 3164 1792 3222 Apollinar·
1830 3164 1868 3207 P
1871 3165 1988 3210 Balm·
2020 3164 2071 3209 C·
2103 3163 2184 3214 VI,
2215 3164 2269 3208 67
2312 3162 2354 3204 3¹¹
2383 3161 2466 3207 Ed·
2496 3162 2630 3207 Ραήθ·

265 3229 462 3285 scriptum
490 3247 583 3277 esse
611 3259 667 3267 —
697 3234 891 3296 ἕῦῥρῆος.
919 3260 975 3267 -
