2944 3754
1410 178 1472 225 n

254 329 344 377 qua
380 313 638 363 corrivalis
672 313 720 360 in
757 311 991 360 adverbio
1027 311 1219 368 ἀκλεῶς,
1255 309 1440 359 ceteris
1475 308 1569 358 huc
1604 308 1721 358 illuc
1757 308 2043 359 nutantibus.
2095 310 2206 359 Jam
2235 309 2431 360 collatis
2447 312 2620 362 Gram-

252 403 526 453 maticorum
571 400 834 452 sententiis
878 406 1080 466 quatuor
1131 400 1272 449 nobis
1317 401 1637 449 observantur
1679 399 1842 449 horum
1886 397 2237 465 adJectivorum
2270 401 2482 466 figurae,
2532 421 2619 451 una

251 494 445 558 integra
489 492 536 544 in
578 492 668 555 ἷέιξ-
699 492 819 554 {Za}
844 506 936 557 qua
970 490 1211 542 Homerus
1252 504 1347 540 non
1393 489 1562 553 utitur,
1614 497 1717 540 tres
1768 490 1978 540 affectae
2029 505 2124 538 una
2175 506 2417 557 syncope,
2471 491 2624 540 altera

252 583 532 651 epenthesi,
581 581 727 633 tertia
760 580 1033 648 synaeresi.
1103 579 1373 647 Syncopae
1407 579 1516 631 sive
1553 579 1815 631 exaeresis
1852 580 2081 647 exempla
2122 580 2323 648 plurima
2355 589 2527 632 extant
2580 584 2626 630 in

251 689 444 722 numero
498 672 733 737 singulari
784 670 933 719 ἀκλέα
967 677 1064 720 etc.
1116 670 1316 735 pluralis
1369 669 1747 734 antiquissimum
1799 669 1992 735 reperio
2045 668 2243 727 εὐκλέας
2273 670 2412 722 Pind.
2450 671 2527 722 ol.
2567 672 2625 720 u.

251 762 477 812 Simonid.
526 761 697 827 Epigr.
753 762 899 810 Anth.
933 762 1034 811 Vll.
1076 760 1173 809 301
1229 759 1490 826 proximum
1540 758 1779 821 ἀγακλὲας
1826 758 2095 809 Antimach.
2145 760 2229 810 1⁴¹r.
2264 759 2395 810 Lvll
2462 761 2628 816 ἀκλὲες

251 851 439 902 Callim.
475 852 584 900 Del.
620 855 735 913 295,
773 859 916 917 atque
952 852 1039 899 vix
1073 850 1214 898 alium
1248 858 1494 900 auctorem
1529 850 1729 898 Homeri
1763 849 2059 914 interpretes
2093 848 2360 900 habuerunt
2392 849 2461 899 illi
2500 868 2621 916 quos

250 941 541 993 Eustathius
576 943 692 1005 669,
726 942 759 992 3
794 941 1043 1010 producit:
1096 940 1147 990 τὸ
1196 940 1366 997 ἀκλεές
1412 940 1651 1004 ἐπίῤῥημα
1700 938 1817 988 εἶναι
1860 939 2024 1003 φασίν,
2058 939 2180 987 ἄλλοι
2215 940 2275 988 δέ
2310 939 2520 1001 λέγουσιν
2553 944 2622 993 ὡς

252 1032 483 1094 ἀγακλέες
513 1033 632 1081 κατὰ
666 1031 868 1097 ἔλλειψιν
905 1034 986 1081 τοῦ
1020 1031 1127 1088 ἐνὸς
1160 1032 1196 1086 ἒ
1246 1030 1340 1081 sed
1391 1029 1561 1086 ἀκλεές
1608 1029 1727 1079 illud
1774 1028 2052 1079 adverbium
2105 1046 2222 1081 esse
2276 1032 2405 1080 inter
2454 1048 2619 1082 omnes

253 1128 459 1173 constat.
513 1124 747 1189 Syncope
784 1137 890 1173 cum
928 1121 1186 1189 epenthesi
1221 1121 1554 1182 consociatur,
1590 1120 1635 1170 si
1669 1120 1885 1177 εὐκλεΐας
1915 1119 2033 1170 illud
2068 1136 2153 1187 pro
2187 1121 2416 1177 εὐκλεέας
2446 1119 2619 1171 dictum

253 1213 518 1278 accipimus
553 1211 713 1279 epsilo
749 1213 929 1263 extrito
965 1212 1067 1263 iota
1102 1210 1284 1263 addito.
1343 1209 1517 1263 Crasis
1552 1210 1634 1261 vel
1669 1208 1766 1261 duo
1801 1211 1847 1266 ἦ
1880 1209 2030 1277 prima
2063 1209 2111 1260 in
2144 1211 2184 1267 ἶι
2217 1211 2351 1275 (sive
2368 1210 2417 1281 ἦ)
2453 1213 2619 1262 miscet

252 1303 465 1359 εὐκλεΐας
496 1303 575 1352 vel
611 1300 877 1352 secundum
913 1319 1020 1353 cum
1053 1301 1196 1352 tertia
1231 1300 1392 1351 vocali
1426 1300 1535 1352 sive
1571 1299 1602 1355 ἆ
1636 1306 1731 1362 est,
1767 1299 1877 1351 sive
1910 1300 1948 1364 Ξ,
1988 1299 2211 1362 εὐκλεεῖς,
2246 1301 2467 1362 εὐκλεᾶς,
2504 1319 2619 1368 quo—

249 1409 349 1441 rum
385 1392 609 1457 syllabae
647 1392 850 1454 mediae,
885 1393 995 1458 quia
1029 1409 1206 1442 versus
1239 1391 1309 1441 illi
1343 1391 1538 1457 longam
1573 1396 1800 1457 poscunt,
1835 1391 1936 1441 iota
1969 1390 2209 1453 inseritur,
2245 1391 2374 1441 unde
2406 1393 2618 1442 nascitur

252 1481 448 1531 affectio
484 1483 737 1547 syntheta,
789 1499 928 1548 quam
969 1482 1164 1548 proprio
1198 1480 1389 1532 nomine
1427 1485 1588 1542 κρᾶσιν
1622 1479 1868 1529 ἐπένθεσιν
1901 1479 2149 1546 appellare
2182 1496 2462 1547 possumus.
2531 1483 2618 1533 His

251 1554 408 1622 autem
443 1573 591 1622 variis
626 1573 835 1623 flexibus
871 1579 1092 1637 quantum
1127 1587 1309 1638 operae
1350 1569 1671 1637 impenderint
1715 1577 1915 1621 veteres
1959 1568 2095 1621 docti
2145 1576 2195 1622 et
2239 1588 2333 1638 quo
2376 1587 2620 1624 successu

253 1660 519 1712 ostendere
562 1679 657 1713 non
693 1677 1105 1729 supervacaneum
1140 1661 1272 1711 duxi.
1344 1661 1483 1721 Quae
1520 1666 1779 1728 praeterea
1813 1660 2085 1728 Spiznerus
2126 1660 2173 1710 in
2206 1659 2337 1713 Exc.
2372 1661 2524 1713 XXII.
2560 1664 2619 1714 de

252 1750 515 1816 adjectivis
550 1769 581 1801 a
615 1752 805 1802 nomine
840 1751 977 1809 κλέος
1005 1751 1166 1805 ductis
1202 1750 1461 1814 disseruit,
1506 1750 1640 1801 lectu
1682 1749 1923 1818 perdigna
1974 1750 2069 1802 sed
2112 1766 2205 1802 non
2237 1751 2381 1818 hujus
2416 1753 2614 1805 instituti

253 1846 372 1890 sunt.
425 1872 471 1879 -
514 1841 800 1904 Diaeresin‚
853 1845 992 1907 cujus
1028 1841 1186 1892 adhuc
1223 1841 1352 1891 nulla
1385 1841 1515 1889 facta
1550 1846 1628 1890 est
1663 1841 1857 1902 mentio,
1892 1841 2105 1891 nonnulli
2141 1842 2359 1892 invenire
2395 1843 2492 1893 sibi
2527 1846 2615 1894 visi

254 1936 363 1980 sunt
413 1930 460 1980 in
496 1931 688 1997 syllaba
722 1932 974 1982 verborum
1009 1930 1303 1997 quorundam
1337 1929 1613 1997 principali:
1666 1929 1718 1978 τὸ
1760 1928 1905 1994 εἴργω
1946 1932 1993 1980 οἱ
2036 1931 2227 1980 παλαιὸν
2271 1932 2618 1996 &naharai-cepo»

253 2022 371 2070 κατὰ
404 2022 608 2071 διάλυσιν
643 2021 773 2071 εἷπον
807 2022 963 2086 ἐέργω
999 2022 1178 2073 Choer.
1216 2020 1354 2073 Orth.
1387 2020 1506 2083 182,
1540 2021 1620 2070 41.
1688 2017 1845 2083 Εἴργω
1878 2037 2004 2073 nunc
2040 2038 2105 2072 ex
2134 2023 2349 2073 Homero
2387 2025 2616 2074 sublatum

254 2118 335 2162 est
368 2113 622 2179 supposito
659 2113 913 2180 trisyllabo
947 2116 1088 2179 cujus
1122 2112 1269 2180 prima
1303 2111 1495 2162 vocalis
1527 2109 1847 2178 prostheticis
1883 2110 2215 2164 adnumeratur
2249 2131 2295 2162 v.
2314 2113 2515 2164 Elemm.
2538 2116 2616 2164 58.

245 2202 409 2265 Ἐεμαι
444 2208 496 2253 et
512 2202 678 2266 κέεμαι
713 2219 838 2269 quae
873 2203 1003 2253 idem
1036 2201 1278 2269 produxit,
1313 2218 1409 2251 non
1446 2202 1596 2251 verba
1631 2214 1743 2250 sunt
1776 2201 1870 2251 sed
1887 2203 2138 2253 verborum
2162 2203 2399 2265 themata3
2419 2221 2618 2270 prorsus

254 2292 439 2343 unicum
488 2298 568 2343 est
609 2292 817 2358 dialysis
861 2293 1133 2360 exemplum
1173 2293 1337 2349 ὃέελος·
1385 2307 1447 2342 eo
1498 2291 1613 2341 loco
1664 2292 1871 2358 positum
1924 2308 2017 2359 qno
2061 2293 2203 2358 δῆλος
2250 2294 2364 2360 poni
2413 2303 2618 2361 poterat,

257 2381 563 2431 Grammatici
607 2383 722 2431 nihil
767 2382 958 2431 consilii
1001 2384 1205 2432 afferunt
1246 2382 1341 2432 nisi
1390 2380 1516 2446 quod
1552 2379 1792 2435 εὐδείελος
1840 2396 1947 2431 cum
1997 2382 2082 2431 illo
2133 2383 2443 2449 compositum
2497 2401 2618 2435 esse

257 2472 533 2538 conjiciunt.

408 2562 587 2615 Adhuc
606 2579 767 2615 sermo
787 2571 1014 2615 versatus
1032 2569 1113 2614 est
1137 2563 1186 2612 in
1212 2562 1498 2628 regionibus
1516 2579 1637 2629 quas
1666 2570 1845 2629 poetae
1872 2562 2145 2630 possident.
2189 2563 2294 2613 Sed
2319 2563 2381 2613 de
2412 2565 2620 2631 syllabis

257 2653 475 2704 finalibus
494 2653 763 2722 scriptores
782 2670 970 2722 quoque
990 2653 1135 2704 soluti
1168 2653 1215 2701 in
1235 2653 1488 2705 consilinm
1505 2651 1763 2702 adhibendi
1781 2659 1908 2702 sunt.
1952 2651 2166 2704 Casuum
2183 2654 2480 2704 nominalium
2499 2673 2617 2706 uuus

257 2745 307 2797 in
331 2744 378 2799 ᾖ
409 2743 594 2810 duplex
627 2744 731 2794 exit
748 2743 907 2794 dualis
923 2744 1157 2797 nominum
1174 2760 1299 2809 quae
1316 2744 1579 2809 genitivum
1611 2743 1659 2792 in
1693 2743 1770 2808 εἷς
1804 2742 2014 2805 mittunt3
2049 2744 2145 2794 hoc
2161 2748 2317 2793 autem
2341 2746 2494 2796 attice
2525 2745 2614 2811 ini]

258 2835 426 2887 mutari
440 2835 665 2885 Joannes
683 2833 833 2885 docet
848 2834 972 2885 Ace.
992 2852 1039 2901 p.
1061 2836 1136 2895 14,
1169 2833 1234 2884 22
1270 2833 1322 2882 τὸ
1351 2833 1509 2897 ταχὲε,
1545 2835 1710 2898 πήχεε,
1747 2833 1958 2900 πρεσβεε
1990 2835 2277 2895 συναιροῦοιν
2311 2834 2360 2883 οἱ
2386 2833 2615 2898 Ἀθηναῖοι,

261 2932 312 2976 et
345 2924 726 2977 Choeroboscus
763 2924 826 2976 de
860 2924 985 2974 Tou.
1020 2941 1067 2992 p.
1103 2927 1217 2987 440,
1249 2925 1316 2975 29
1350 2931 1598 2976 auctorem
1633 2924 1788 2975 citans
1806 2925 2194 2993 Aristophanem,
2229 2928 2371 2991 cujus
2400 2925 2444 2973 in
2480 2923 2617 2975 libris

263 3014 572 3066 circumflecti
606 3013 726 3065 dicit
758 3015 943 3080 πρεσβῆ
976 3014 1148 3076 (Arist.
1185 3015 1266 3065 Fr.
1302 3014 1412 3064 Vol
1450 3014 1500 3065 ll.
1542 3015 1687 3077 1198)
1740 3020 1792 3064 et
1826 3030 1894 3065 ex
1928 3014 2102 3065 eodem
2134 3022 2286 3081 poeta
2318 3014 2491 3079 repetit
2526 3014 2617 3063 ad-

252 3107 489 3174 jectivum
524 3105 589 3154 τὼ
606 3104 870 3170 περικαλλῆ,
904 3104 1227 3172 praetermisit
1260 3119 1378 3155 vero
1415 3104 1480 3153 τὼ
1513 3106 1727 3170 ξυγγενῆ,
1761 3103 1889 3170 quod
1917 3103 2090 3157 Critici
2122 3104 2171 3156 in
2198 3104 2392 3154 Thesm.
2410 3104 2513 3158 282
2531 3122 2616 3172 pro
