2944 3754
274 409 494 457 σύνθετον
527 408 623 457 ἀπὸ
660 414 741 475 τῆς
771 413 860 474 γῆς
890 410 918 457 ὁ
946 409 1014 475 μὴ
1050 409 1305 473 κλώμενος,
1342 425 1465 476 quae
1500 406 1834 476 interpretatio
1870 407 2089 460 ostendit
2122 408 2247 459 haee
2281 409 2358 461 sic
2392 410 2651 461 scribenda

272 515 394 550 esse
430 499 551 564 ἀγής
580 498 649 561 (id
686 503 763 548 est
798 498 973 563 ἀαγής)
1008 499 1230 548 σύνθετον
1265 500 1360 549 ἀπὸ
1394 504 1479 565 τῆς
1510 501 1651 565 ἀγῆς,
1704 512 1827 564 quae
1883 504 1965 547 est
1998 499 2159 549 erasis
2193 498 2408 564 legitima
2452 501 2652 552 similis-

274 605 367 654 que
402 587 638 654 adjectivi
673 589 797 652 ζαής,
834 587 963 653 quod
997 588 1352 655 praetermitto,
1387 588 1499 654 quia
1533 604 1765 654 nunquam
1803 587 1946 637 aliter
1981 586 2170 638 dicitur.
2219 588 2298 638 De
2334 588 2430 639 hoc
2466 589 2569 641 dixi
2595 590 2651 639 in

271 679 452 727 Parall.
498 681 603 728 158.
695 680 767 727 De
811 679 922 728 aliis
966 696 1086 729 vero
1132 680 1402 745 scripturae
1440 678 1705 729 diversitas
1747 677 1980 727 incertum
2026 677 2191 728 reddit
2224 694 2445 744 quorsum
2478 680 2651 730 referri

273 776 509 840 oporteat.
580 770 669 817 Sic
706 770 869 817 Schol.
908 769 1003 818 Od.
1042 772 1102 818 V.
1146 770 1251 820 129.
1287 770 1471 831 ἄγασθε
1506 771 1577 823 ὡς
1606 770 1811 816 δύνασθε
1847 771 1928 816 τοῦ
1962 769 2190 830 δευτέρου
2223 769 2255 823 ’ἆ
2291 768 2651 830 συστελλομένου

271 859 466 907 δύναται
501 860 558 906 δὲ
592 858 668 905 καὶ
702 860 771 914 ὡς
800 877 832 924 η
850 894 862 906 .
881 894 893 906 .
912 895 924 907 .
944 897 955 908 .
973 859 1075 908 οἵδε
1109 861 1201 923 γὰρ
1236 860 1380 907 αὐτοῦ
1415 859 1493 907 καὶ
1527 860 1580 906 τὸ
1614 859 1734 907 κατὰ
1769 858 1991 920 διαίρεσιν
2024 860 2260 923 (ἠγάασθε
2293 879 2338 909 v.
2380 861 2511 918 122).
2562 858 2651 907 llla

273 966 376 1000 vox
409 949 600 1014 integra
635 954 738 1007 est,
792 948 976 1011 ἀγᾶσθε
1018 957 1069 1000 ut
1104 965 1231 999 nunc
1268 949 1517 1011 scribitur,
1571 948 1662 999 rite
1700 955 1974 1010 contracta,
2028 949 2245 1012 ἀγάασθε
2288 966 2406 1002 vero
2442 947 2568 1016 quod
2601 949 2649 997 in

273 1040 492 1089 lemmate
529 1038 704 1089 scholii
741 1039 922 1104 legitur
954 1046 1138 1101 metro,
1172 1046 1224 1090 ut
1257 1056 1383 1090 nunc
1421 1045 1515 1101 est,
1552 1038 1856 1100 contrarium,
1892 1054 1958 1088 ex
1977 1039 2070 1090 hoc
2090 1037 2326 1091 distracta
2360 1046 2411 1090 ut
2429 1040 2650 1103 ἐράασθε.

273 1129 344 1178 Et
377 1129 440 1179 de
474 1130 543 1177 Λᾶ
576 1129 693 1178 urbe
731 1129 975 1193 quaeritur
1008 1149 1116 1180 num
1165 1148 1193 1179 a
1229 1129 1464 1195 principio
1510 1128 1586 1178 sic
1621 1128 1860 1178 nominata
1898 1128 1985 1190 sit,
2040 1146 2099 1178 an
2136 1129 2250 1177 Λάα.
2337 1129 2459 1180 1111111
2510 1128 2650 1179 sumit

274 1220 556 1284 Stephanus
600 1220 668 1266 Λᾶ
711 1220 852 1274 πόλις·
895 1222 1063 1283 ταύτην
1094 1220 1293 1283 Ὅμηρος
1334 1220 1562 1272 διαλύσας
1612 1218 1750 1282 φησὶν
1802 1218 1885 1277 »οἵ
1922 1235 1973 1266 τε
2017 1220 2140 1267 Λάαν
2187 1217 2343 1282 εἶχονίι
2396 1226 2446 1268 et
2481 1218 2649 1269 Schol.

271 1310 326 1357 11.
370 1310 429 1357 V.
465 1308 579 1357 555.
648 1308 775 1356 Λάαν
811 1309 939 1356 πόλιν
969 1309 1066 1373 χρὴ
1098 1308 1463 1373 μονοσυλλάβως
1494 1306 1655 1355 εἰπεῖν·
1691 1309 1718 1355 ὁ
1752 1307 1811 1355 δὲ
1846 1308 2042 1373 ποιητὴς
2073 1309 2150 1356 διὰ
2186 1308 2237 1356 τὸ
2267 1307 2438 1370 μέτρον
2472 1308 2651 1357 διεῖλεν·

272 1398 349 1463 qui
368 1397 462 1447 nisi
479 1398 578 1446 Λάα
607 1414 694 1465 pro
711 1398 1008 1465 pyrrhychio
1027 1404 1323 1465 acceperunt
1343 1397 1579 1465 syllabam
1597 1396 1806 1447 ultimam
1841 1396 1952 1448 solo
1987 1397 2085 1449 ictu
2103 1396 2384 1467 productum
2410 1402 2652 1465 putantes,

275 1506 436 1556 parum
459 1488 653 1555 proprie
673 1489 855 1554 loquuti
877 1495 1012 1549 sunt,
1048 1507 1154 1537 nam
1184 1488 1393 1555 dialysis
1429 1489 1538 1537 sive
1576 1487 1820 1537 diaeresis
1848 1495 2053 1538 vocatur
2086 1489 2248 1554 potius
2274 1488 2652 1554 monophthongi

270 1580 317 1628 in
339 1579 459 1627 duas
477 1580 682 1628 vocales
709 1580 891 1628 breves
911 1580 1185 1628 dissolutio.
1242 1579 1307 1627 Et
1340 1580 1535 1628 heroem
1571 1579 1704 1627 urbis
1741 1594 2026 1644 eponymum
2063 1579 2145 1627 alii
2186 1580 2319 1645 prius
2349 1580 2442 1627 Λᾶν
2475 1585 2652 1645 postea

271 1670 397 1716 Λάαν
432 1667 609 1718 dictum
647 1684 768 1719 esse
806 1669 1121 1719 crediderunt
1156 1671 1275 1717 κατὰ
1311 1668 1600 1731 πλεονασμὸν
1636 1671 1716 1715 τοῦ
1753 1669 1793 1727 a,
1839 1667 1920 1715 alii
1955 1668 2283 1735 primigenium
2320 1671 2449 1724 Λάας
2477 1669 2525 1717 in
2560 1670 2654 1723 Λᾶς

272 1758 532 1808 transiisse
568 1759 687 1806 κατὰ
721 1763 881 1821 κρᾶσιν
915 1758 1070 1826 Epinr
1102 1760 1147 1807 ll.
1185 1760 1300 1821 388,
1335 1760 1413 1808 26.
1479 1759 1685 1806 Praeter
1721 1758 1815 1806 hoc
1852 1757 1946 1806 duo
1984 1760 2201 1807 novimus
2236 1759 2426 1808 nomina
2457 1758 2650 1825 propria

273 1849 350 1899 sic
385 1849 584 1899 affecta:
638 1850 800 1913 ὥσπερ
836 1851 1079 1899 Ναυσικάα
1114 1850 1232 1897 κατὰ
1267 1854 1428 1912 κρᾶσιν
1464 1852 1552 1896 τῶν
1587 1848 1674 1896 δύο
1704 1848 1766 1902 'oz—a
1800 1849 2008 1897 Ναυσικᾶ
2041 1850 2239 1912 γίνεται,
2282 1849 2406 1898 οὕτω
2440 1849 2535 1897 ἀπὸ
2569 1851 2649 1897 τοῦ

269 1939 476 2005 Ἀθηναία
511 1939 727 2006 ἀποβολῇ
762 1942 843 1989 τοῦ
877 1940 901 1994 ἶ
935 1940 1107 2003 γίνεται
1139 1938 1332 2005 Ἀθηνάα
1367 1937 1445 1987 καὶ
1479 1938 1642 2000 κράσει
1674 1936 1835 2004 Ἀθηνᾶ
1868 1937 1985 1990 ΕΜ.
2018 1940 2112 2002 24,
2147 1942 2225 1991 43.
2277 1940 2336 1988 τὰ
2386 1939 2504 2002 κρέα
2555 1939 2653 1986 ἀπὸ

269 2033 350 2078 τοῦ
385 2029 531 2092 κρέας
560 2031 712 2092 κρέαα
755 2030 833 2079 καὶ
868 2031 985 2094 κρέα
1030 2033 1098 2087 ὡς
1127 2031 1332 2079 Ναυσικᾶ
1369 2026 1552 2079 Choer.
1588 2028 1704 2078 389.
1752 2028 1946 2095 Ἀθηνάα
1982 2028 2130 2080 hodie
2165 2045 2260 2079 non
2295 2029 2502 2095 legitur,
2553 2028 2648 2079 nisi

268 2120 313 2168 iu
352 2120 565 2170 carmine
602 2119 770 2170 dorico
807 2126 1034 2188 correpta
1067 2120 1354 2187 penultima,
1407 2117 1500 2169 sed
1546 2117 1657 2169 hinc
1702 2135 1874 2170 nomen
1913 2119 2039 2171 deae
2074 2119 2298 2170 usitatum
2332 2118 2566 2187 repetitur
2598 2119 2646 2168 in

267 2212 460 2260 Lexico
497 2213 660 2260 Herm.
696 2212 739 2276 ξ.
774 2213 841 2261 70
874 2229 918 2278 p.
959 2212 1057 2262 329
1098 2214 1130 2276 ἡ
1160 2210 1321 2276 Ἀθήνη
1356 2211 1475 2258 κατὰ
1510 2212 1797 2275 παραγωγὴν
1832 2211 2008 2276 ἐλέχθη
2038 2210 2271 2276 Ἀθηναία,
2319 2211 2559 2267 ἐξελόντες
2586 2211 2645 2258 δὲ

266 2303 313 2347 οἱ
346 2301 536 2362 ὕστερον
572 2303 622 2349 τὸ
657 2304 682 2355 ἶ
707 2302 900 2367 Ἀθηνάα
936 2301 1077 2349 εἶπον·
1130 2306 1265 2349 τοῦτο
1295 2304 1385 2364 μὲν
1427 2305 1509 2350 οῦν
1543 2303 1776 2366 ἄχρηστον
1809 2300 1996 2361 εἴασαν,
2049 2307 2209 2363 κρᾶσιν
2253 2301 2311 2347 δὲ
2347 2303 2642 2365 ποιησάμενοι

263 2389 447 2453 Ἀθηνᾶν
482 2392 684 2440 καλοῦσι.
757 2392 1071 2443 Contractum
1103 2393 1311 2440 Ναυσικᾶ
1363 2391 1489 2457 apud
1528 2390 1817 2440 Pausaniam
1861 2391 2054 2457 legitur.
2142 2389 2465 2455 Apellativum
2509 2390 2643 2441 addit

267 2478 556 2530 Eustathius
597 2482 750 2543 1944,
785 2484 817 2532 8
858 2481 1010 2539 Ἀἴλιος
1055 2482 1287 2538 Διονύσιος
1324 2481 1451 2542 λέγει
1503 2480 1570 2529 ὅτι
1614 2481 1779 2538 ἐλαίας
1820 2481 1896 2530 καὶ
1946 2482 2095 2537 ἐλάας
2127 2479 2304 2528 Ἀττικοὶ
2350 2480 2424 2528 τὸν
2465 2482 2641 2544 καρπὸν

271 2571 428 2632 ἔλεγον
463 2572 542 2619 καὶ
576 2573 689 2626 ἐλᾶς
719 2574 1022 2638 δισυλλάβως.
1091 2573 1203 2621 Jam
1238 2572 1287 2621 in
1321 2569 1498 2621 Parall.
1537 2589 1648 2637 pag.
1678 2573 1709 2622 7
1746 2572 1882 2623 attuli
1918 2586 2090 2622 nomen
2129 2568 2308 2636 duplex
2342 2571 2468 2638 Lagi
2503 2572 2640 2637 regis

271 2662 419 2722 Λᾱγος
450 2669 500 2710 et
536 2663 741 2724 Λάαγος,
795 2679 917 2727 quae
954 2662 999 2711 si
1034 2678 1101 2711 ex
1136 2660 1365 2724 analogia
1400 2661 1731 2724 aestimamuS,
1784 2661 2085 2728 trisyllabum
2120 2676 2206 2726 pro
2240 2667 2377 2712 recto
2414 2668 2467 2713 et
2499 2662 2640 2712 inco-

267 2750 380 2798 lumi
414 2752 708 2819 accipiamus
744 2767 963 2801 necesse
1000 2758 1093 2813 est,
1129 2758 1179 2800 ut
1197 2752 1425 2815 Λάαρχος,
1459 2752 1658 2802 alterum
1693 2768 1782 2819 pro
1802 2755 1997 2812 mutato,
2032 2757 2083 2799 ut
2107 2751 2317 2816 λαγέτης,
2353 2752 2638 2801 contrarium

267 2856 388 2889 vero
425 2842 467 2888 si
500 2842 562 2890 ad
598 2860 734 2891 usum
769 2842 1058 2908 respicimus
1094 2857 1411 2903 communem,
1459 2860 1596 2908 quem
1634 2839 1941 2892 Grammatici
1976 2840 2189 2907 plerique
2233 2840 2279 2889 in
2318 2840 2639 2907 designandis

268 2930 543 2981 biformibus
580 2933 894 2984 observitaut.
973 2932 1229 2982 Vocabula
1282 2949 1404 2998 quae
1454 2951 1484 2983 a
1535 2931 1729 3000 propria
1781 2930 1952 2997 specie
2004 2947 2190 2997 quoquo
2247 2930 2391 2982 modo
2444 2932 2635 2984 deflexa

270 3027 400 3082 suut,
452 3021 546 3071 sed
591 3039 693 3073 eam
728 3023 810 3073 vel
845 3040 1077 3089 nunquam
1115 3030 1405 3088 recuperant
1437 3031 1485 3073 ut
1520 3026 1550 3089 ἡ
1586 3027 1672 3081 σᾶ,
1717 3022 1771 3069 τὰ
1813 3027 1874 3070 σᾶ
1916 3023 1995 3072 vel
2041 3028 2179 3073 certe
2220 3021 2267 3070 in
2312 3039 2402 3073 usu
2443 3023 2635 3090 publico

270 3117 553 3163 constanter
606 3112 880 3164 detrectant
930 3119 983 3163 ut
1031 3115 1240 3181 βεβᾶσι,
1311 3117 1447 3179 cujus
1508 3114 1784 3179 incorrupta
1846 3113 1997 3163 forma
2055 3112 2149 3163 soli
2208 3117 2399 3163 utuntur
2457 3120 2635 3181 poetae

268 3199 414 3265 epici,
449 3205 725 3256 affectorum
764 3205 975 3254 colorem
1013 3211 1265 3255 exuerunt.
