2944 3754
1408 214 1498 264 »13

271 353 559 417 ιεςεὴοιιωι·
609 369 654 400 v.
700 348 917 400 Bredow
970 350 1093 399 Dial.
1143 350 1258 399 Her.
1303 347 1418 397 282.
1473 347 1764 414 Apollonius
1816 347 1961 398 Pion.
2012 348 2121 397 118.
2183 364 2415 415 nusquam
2466 353 2645 418 reperit

272 449 468 509 praeter
518 441 824 492 Parthenium
874 440 968 489 ὑπὸ
1018 441 1255 505 ποιητικῆς
1303 438 1486 492 ἀδείας.
1588 436 2006 492 Substantivorum
2056 453 2193 489 unum
2242 426 2550 507 disceptum
2596 444 2643 494 in

273 533 325 581 ll.
360 532 438 582 Xl.
474 532 585 581 131.
621 533 778 586 ἱππεῖς
806 530 850 578 δ’
883 531 1084 596 ἱππῆας,
1118 530 1211 578 ὑπὸ
1244 529 1303 577 δέ
1333 545 1486 592 σφισιν
1516 529 1643 590 ὦρτο
1677 528 1820 593 κονίη,
1854 527 2222 594 quodHeynius
2254 530 2433 596 rejecit
2465 546 2573 597 pro
2588 549 2646 579 r-

273 638 375 674 sus
416 623 702 673 insolens
754 621 943 672 forma
991 621 1048 670 in
1090 627 1274 688 poeta
1314 620 1551 682 ionico,
1594 619 1872 670 debebat
1914 635 2059 670 esse
2102 618 2275 685 ἱππῆες
2321 621 2421 671 vel
2463 622 2646 678 ἱππέες.

271 712 394 764 lllud
427 713 693 764 Bekkerus
733 713 923 780 recepit
967 712 1152 763 omissa
1201 712 1250 761 in
1294 710 1611 777 sequentibus
1655 710 1894 777 particulo
1939 710 2022 770 δὲ,
2072 710 2312 776 vulgatum
2344 712 2648 763 retinuerunt

270 802 563 870 Spitznerus
613 808 663 854 et
711 801 1000 854 Dindorfius.
1094 800 1408 852 Nominativo
1461 800 1619 858 ἱππεῖς
1663 800 1891 852 subvenit
1939 799 2151 852 vocandi
2182 816 2331 853 casus
2363 804 2409 853 ὦ
2436 803 2651 869 βασιλεῖς

268 893 474 945 Hesiod.
511 893 634 960 Opp.
669 893 770 944 248
803 908 1079 960 quamquam
1120 891 1166 943 is
1202 908 1392 959 quoque
1432 891 1495 943 ab
1528 892 1806 943 Hermanno
1848 892 2167 960 inpugnatur.
2205 905 2209 910 ·
2239 891 2418 945 Sermo
2464 891 2646 945 solitus

268 985 424 1034 variat
470 1000 559 1050 pro
595 992 758 1034 aetate
793 983 1132 1044 scribentium
1183 982 1312 1049 apud
1346 982 1631 1049 scriptores·
1655 982 1810 1033 minus
1843 983 2109 1049 elegantes
2143 999 2262 1048 quos
2305 983 2372 1036 ad
2406 983 2520 1034 Phr.
2555 986 2645 1036 60.

267 1076 495 1139 indicavi,
531 1074 817 1125 offendimus
852 1074 1031 1138 ἱερέες,
1066 1075 1235 1138 φονέες
1276 1078 1329 1124 et
1360 1071 1656 1139 adjectivum
1690 1072 1885 1138 ἡμισέες
1916 1073 2121 1124 Arriano
2153 1074 2306 1126 trinam
2341 1092 2390 1125 v.
2424 1072 2642 1126 misach.

268 1167 329 1215 T.
364 1167 394 1214 l.
428 1167 529 1217 ⁶285
564 1182 720 1231 eaque
757 1165 1000 1216 diaeresis
1034 1183 1198 1232 parum
1235 1164 1509 1215 defenditur
1542 1165 1818 1216 testimonio
1853 1165 2068 1217 auctoris
2103 1166 2378 1230 gravissimi
2413 1182 2505 1231 quo
2546 1167 2642 1216 uti-

267 1264 341 1307 tur
375 1256 708 1307 Antiatticista
740 1256 787 1306 in
824 1256 1017 1308 Anecd.
1051 1256 1212 1307 Bekk.
1248 1272 1295 1323 p.
1328 1256 1395 1307 68
1429 1256 1621 1305 Πλάτων
1659 1256 1896 1321 Θεαιτήτῳ
1927 1257 2065 1319 (169.
2100 1256 2175 1320 Β.)
2214 1256 2373 1320 Μυρίοι
2403 1254 2643 1320 Ἡοακλέες

268 1349 344 1396 καὶ
383 1347 569 1412 Θησέες.
587 1346 653 1396 -id
689 1347 813 1397 enim
859 1354 1078 1413 tanquam
1115 1328 1312 1397 enorme
1349 1345 1574 1413 quiddam
1610 1346 1918 1414 exsignavit3
1959 1345 2113 1397 Attici
2146 1345 2238 1397 duo
2275 1348 2320 1402 ἕρ
2353 1347 2641 1398 contrahunt

268 1440 347 1489 vel
380 1438 427 1488 in
465 1438 503 1492 εἷ
537 1438 616 1487 ve!
652 1437 700 1485 in
736 1439 762 1505 η
799 1437 1020 1487 vocalem
1055 1436 1136 1486 vel
1171 1436 1219 1484 iu
1252 1437 1282 1504 ᾗ
1314 1435 1685 1504 diphthongum,
1719 1438 1855 1488 velut
1887 1436 2142 1504 gentilicia
2176 1438 2353 1503 Δωριῆς
2383 1437 2487 1487 iota
2522 1439 2637 1487 snb-

267 1528 452 1596 scripto
505 1535 556 1579 et
596 1524 794 1593 Δωριῆς,
855 1527 983 1594 quod
1035 1542 1101 1577 ex
1143 1526 1305 1576 ionico
1352 1527 1561 1593 Δωριῆες
1608 1527 1866 1577 conflatum
1916 1533 1969 1576 ut
2027 1527 2249 1593 Μεγαρῆς
2295 1526 2525 1593 Thucyd.
2576 1543 2641 1577 ex

265 1620 524 1685 Μεγαρῆες.
592 1619 754 1683 Atque
806 1617 931 1670 hanc
982 1616 1336 1684 gentiliciorum
1388 1616 1704 1685 scriptionem
1748 1615 2037 1670 criticorum
2090 1617 2304 1686 plerique
2356 1618 2636 1686 approbant,

264 1711 365 1761 iota
400 1709 528 1777 quod
562 1709 608 1759 in
647 1707 807 1759 Codd.
842 1715 893 1760 et
926 1707 1058 1758 Edd.
1093 1706 1387 1774 saepissime
1422 1707 1678 1774 suffigitur,
1711 1707 1841 1758 haud
1876 1707 2043 1761 timide
2077 1714 2419 1777 expungentes
2449 1709 2636 1775 Δωριῆς,

269 1804 457 1867 Θεσπῆς
490 1807 682 1861 cetera,
718 1798 917 1866 perinde
955 1808 1004 1849 ut
1039 1797 1334 1866 appellativa
1362 1799 1567 1866 χαλκῆς,
1602 1804 1747 1866 νομῆς
1774 1817 1822 1850 v.
1857 1797 1922 1850 ad
1955 1800 2037 1867 Aj.
2072 1817 2118 1852 v.
2152 1800 2255 1852 188.
2309 1800 2389 1851 De
2423 1799 2519 1852 bac
2553 1800 2637 1850 tri-

264 1893 378 1959 plici
414 1891 806 1940 nominativorum
841 1890 1224 1940 conformatione
1260 1889 1492 1939 habemus
1522 1887 1865 1942 Choerobosci
1897 1901 2206 1958 praeceptum
2240 1890 2287 1941 in
2302 1889 2421 1941 ΕΜ.
2441 1891 2637 1955 473,38

264 1983 296 2047 ἦ
331 1983 495 2031 εὐθεῖα
529 1985 618 2029 τῶν
653 1981 721 2037 εἰς
764 1981 834 2043 εἷς
868 1981 1036 2043 κυρίων
1071 1982 1128 2029 τὰ
1163 1982 1249 2029 δύο
1284 1978 1329 2034 ἆ
1362 1979 1433 2036 εἰς
1463 1981 1544 2045 τὴν
1578 1981 1620 2035 ἶι
1653 1986 1785 2045 κιρνᾷ
1815 1961 1992 2044 μόνως,
2043 1981 2124 2030 ἐπὶ
2155 1982 2212 2030 δὲ
2247 1987 2338 2030 τῶν
2369 1984 2438 2048 μὴ
2472 1983 2636 2045 κυρίων

266 2074 361 2135 παῤ
395 2074 500 2137 ἡμῖν
530 2071 620 2134 μὲν
654 2070 726 2127 εἷς
757 2072 838 2136 τὴν
874 2072 927 2132 H,
959 2072 1088 2133 παρὰ
1121 2071 1181 2118 δὲ
1215 2072 1310 2126 τοῖς
1336 2069 1588 2135 Ἀθηναίοις
1617 2088 1645 2120 ε
1720 2072 1772 2121 τὸ
1806 2072 1850 2140 37’,
1880 2071 2124 2138 βασιλέες,
2162 2073 2402 2138 βασιλεῖς,
2443 2074 2641 2138 βασιλῆς

265 2164 468 2222 ἀττικῶς,
505 2170 557 2212 et
590 2162 751 2228 paullo
786 2162 982 2212 brevius
1016 2161 1063 2211 in
1102 2160 1224 2212 Can.
1261 2162 1373 2210 217.
1413 2161 1555 2211 Voca
1686 2162 1950 2228 singularis
1985 2179 2125 2212 unum
2159 2161 2361 2213 subdam
2405 2161 2499 2213 sed
2533 2180 2634 2212 ma-

263 2253 392 2303 xime
427 2251 731 2303 memorabile
768 2252 1037 2320 exemplum
1073 2252 1278 2302 nominis
1311 2250 1358 2301 iu
1393 2251 1446 2321 ἦξ
1480 2253 1657 2320 proprii
1692 2252 1734 2302 ὦ
1763 2250 2041 2315 Ἡράκλεες,
2082 2269 2172 2319 quo
2206 2253 2415 2319 Tragici
2447 2259 2635 2304 utuntur

265 2360 375 2394 com
431 2342 667 2392 similibus
715 2341 976 2399 Ἐτεόκλεες
1022 2349 1116 2393 etc.
1167 2342 1397 2404 Ἠράκλεις
1443 2359 1534 2393 usu
1587 2343 1823 2394 communi
1875 2342 2109 2394 sancitum
2161 2350 2209 2394 et
2240 2343 2461 2406 Ἤοακλες
2507 2343 2633 2409 quod

263 2433 616 2500 interjectionis
651 2432 744 2483 vim
777 2433 925 2483 habet
961 2451 1003 2483 v.
1043 2433 1157 2483 Phr.
1191 2433 1307 2484 610.
1363 2458 1419 2468 —
1479 2432 1767 2484 Nominibus
1802 2432 1945 2485 bisce
1981 2431 2296 2501 adjungenda
2340 2441 2450 2485 sunt
2481 2434 2631 2486 verba

265 2524 328 2575 de
363 2525 531 2590 quibus
567 2523 715 2573 docte
751 2522 952 2573 disserit
990 2522 1283 2574 Heraclides
1319 2523 1445 2589 apud
1487 2522 1785 2574 Eustathium
1828 2523 1982 2585 1892,
2017 2526 2085 2574 4⁰
2128 2524 2177 2573 τὸ
2221 2526 2319 2588 παῤ
2362 2526 2465 2589 ἡμῖν
2499 2522 2633 2573 ἔπλει

263 2614 340 2662 καὶ
373 2614 502 2678 ἔρρει
538 2614 666 2676 παρὰ
700 2616 796 2669 τοῖς
813 2613 959 2661 Ἴωσιν
994 2611 1162 2661 ἔπλεεν
1196 2613 1360 2677 ἔῤῥεεν
1396 2614 1680 2679 τεμνομένης
1719 2619 1802 2678 ιῆς
1828 2615 2108 2677 διφθόγγσυ,
2160 2616 2290 2677 παρὰ
2323 2615 2379 2661 δὲ
2413 2616 2508 2669 τοῖς
2537 2615 2633 2662 Δω-

255 2708 456 2765 ριεῦσιν,
506 2708 571 2753 ὧν
612 2708 667 2769 τῇ
709 2704 935 2766 διαλέκτῳ
976 2703 1052 2751 καὶ
1094 2703 1139 2751 οἱ
1176 2703 1353 2755 Ἀττικοὶ
1381 2679 1609 2768 χρῶνται,
1662 2705 1718 2752 τὰ
1751 2705 1838 2752 δύο
1866 2705 1918 2759 ᾗ
1961 2705 2031 2760 εἷς
2057 2707 2113 2773 ᾗ
2158 2706 2435 2765 συναιρεῖται
2483 2702 2629 2768 ἔπλην

263 2796 416 2860 ἐῤῥην.
471 2796 561 2843 Illa
594 2795 742 2860 attica
777 2810 900 2858 quae
936 2793 1110 2844 dicitur
1142 2794 1410 2844 terminatio
1451 2812 1588 2860 qnam
1624 2811 1779 2861 saepe
1814 2812 1845 2844 a
1880 2795 2195 2862 scriptoribus
2229 2794 2382 2845 minus
2418 2809 2621 2859 scrupu-

262 2886 388 2936 losis
423 2886 655 2950 neglecta
690 2885 754 2934 sit
789 2882 850 2933 ad
887 2883 1000 2935 Phr.
1034 2885 1133 2935 222
1169 2892 1218 2934 et
1253 2885 1313 2935 ab
1348 2885 1457 2935 aliis
1494 2884 1869 2939 demonstratum
1905 2891 2001 2949 est,
2036 2902 2129 2938 non
2163 2884 2318 2936 solum
2352 2882 2419 2935 de
2452 2884 2627 2948 imper-

263 2974 396 3025 fecto
448 2974 542 3025 sed
594 2974 737 3025 etiam
789 2972 853 3025 de
894 2973 1204 3040 imperativo,
1258 2977 1398 3041 cujus
1433 2974 1670 3041 duplicem
1714 2974 1931 3041 speciem
1967 2976 2202 3027 Homerus
2258 2990 2353 3025 uno
2390 2972 2629 3025 conclusit

262 3079 410 3114 versu
445 3065 497 3115 ΙΙ.
533 3064 596 3113 X.
633 3066 698 3114 2²4
737 3063 842 3130 μήτ’
886 3062 1015 3112 αἴνεε
1053 3066 1175 3130 μήτε
1218 3082 1257 3116 τι
1301 3065 1452 3114 νείκει.
1522 3064 1653 3116 ldem
1695 3081 1783 3132 pro
1817 3064 1864 3120 ἶ.
1898 3064 2143 3116 substituit
2175 3063 2203 3132 ἦ
2253 3065 2301 3115 in
2335 3061 2475 3113 tertia
2509 3078 2627 3130 per·

264 3169 395 3203 sona.
422 3154 882 3223 plusquamperfecti
914 3154 1033 3224 ᾔδη,
1075 3155 1121 3204 in
1158 3171 1251 3225 quo
1287 3155 1391 3208 libri
1426 3154 1748 3219 concordant,
1784 3155 1878 3208 sed
1912 3155 1964 3209 id
1999 3155 2380 3208 Cboeroboscus
2416 3153 2516 3206 ⁵62
2544 3169 2626 3224 sq.
