2944 3754
261 425 489 487 συγγενέε
511 424 828 491 scripserunt.
849 425 943 473 Eta
960 431 1118 474 autem
1137 439 1232 475 non
1253 440 1281 473 a
1300 432 1469 474 natura
1486 425 1754 492 profectum
1773 439 1896 474 esse
1914 426 2160 493 colligitur
2177 442 2242 477 ex
2263 444 2326 478 eo
2343 427 2471 494 quod
2482 428 2640 479 dualis

256 524 362 566 tres
398 513 717 566 tautummodo
756 514 962 566 vocales
996 514 1169 565 finales
1206 514 1379 582 recipit
1414 518 1458 580 ὰ,
1495 516 1524 571 ἶ
1548 522 1598 567 et
1631 514 1668 570 ἷυ
1699 515 1908 582 Dionys.
1943 516 2150 569 Gramm.
2183 518 2298 568 632.
2360 517 2639 585 Compluris

256 603 529 672 hujusmodi
554 605 944 657 Choeroboscus
979 604 1162 673 passim
1199 606 1340 656 affert
1375 612 1428 657 et
1445 605 1765 658 Theodosius
1783 603 1907 658 Cau.
1940 623 1988 675 p.
2007 605 2123 671 979,
2157 606 2202 658 8'.
2239 624 2286 676 p.
2302 609 2419 668 980,
2462 610 2521 658 15
2556 609 2637 659 vel

255 697 386 746 lecta
435 696 483 745 in
519 704 736 748 veterum
770 696 909 748 libris
944 697 1025 748 vel
1079 696 1143 746 ad
1180 696 1453 761 analogiam
1489 698 1616 748 ficta.
1687 696 1953 764 Adjectiva
1997 698 2242 765 trigenera
2284 699 2368 750 ille
2413 699 2634 750 contrahi

254 793 406 852 negat
431 787 491 836 οὐ
524 789 616 850 γὰρ
648 787 847 850 λέγομεν
882 789 948 836 τὼ
980 789 1100 853 ἡὸέε
1133 786 1228 852 ᾐδῆ
1246 804 1292 853 p.
1309 788 1425 848 230,
1461 788 1529 837 20
1564 795 1777 855 excepto
1812 803 1907 837 uno
1942 789 2129 852 τραχέε,
2157 805 2259 839 nam
2278 788 2330 839 id
2348 789 2504 840 semel
2522 804 2635 840 con·

253 883 455 927 tractum
492 893 613 928 esse
646 878 708 928 ab
740 878 877 929 Joue
910 879 1103 944 tragico
1138 877 1233 927 sed
1269 876 1366 925 alio
1404 877 1548 927 modo
1585 881 1651 927 τὼ
1684 880 1857 943 τραχεῖ.
1909 875 2049 928 Hanc
2084 879 2426 946 diphthongum
2461 879 2634 946 paucis

253 967 535 1035 quibusdam
570 969 892 1020 substantivis
927 975 1154 1020 reservat
1195 985 1242 1035 p.
1283 970 1396 1030 164,
1438 970 1497 1017 15
1541 969 1595 1018 ἐν
1629 973 1726 1026 τοϊς
1754 970 1928 1025 oveco&-
1957 969 2014 1016 τὰ
2046 970 2135 1017 δύο
2170 970 2218 1026 ᾖ
2249 970 2315 1027 εἰς
2348 970 2376 1039 ἦ
2405 974 2628 1032 κιρνᾶται-

253 1059 460 1116 σπανίως
488 1057 549 1108 δὲ
582 1058 660 1108 καὶ
693 1058 767 1117 εἷς
794 1060 878 1126 τὴν
910 1059 952 1115 ᾗ
987 1058 1085 1109 οἷον
1120 1059 1312 1124 ταρίχεε
1329 1060 1525 1124 ταρίχει,
1560 1061 1705 1109 πόλεε
1739 1060 1868 1109 πόλει
1908 1058 2016 1122 παρ’
2034 1059 2219 1126 Αἰσχίνῃ
2254 1066 2321 1126 τῷ
2345 1065 2630 1124 σωκρατικῷ,

252 1150 379 1202 unde
412 1150 629 1218 patescit
676 1151 725 1201 in
761 1151 1079 1217 sequentibus
1126 1169 1170 1218 p.
1210 1150 1332 1213 165,
1376 1152 1434 1204 15
1480 1150 1711 1202 οὐδέποτε
1754 1150 1922 1201 εὐθεῖα
1966 1150 2228 1216 εὑρίσκεται
2273 1152 2345 1210 εἷς·
2380 1153 2630 1218 δίφθογγον

251 1244 470 1307 λήγουσα.
538 1242 620 1290 Διὰ
656 1244 790 1291 τοῦτο
822 1241 880 1292 οὗ
914 1244 1146 1305 κίρνανται
1182 1240 1238 1289 τὰ
1272 1242 1362 1289 δύο
1397 1241 1440 1295 ἴε
1476 1241 1547 1297 εἷς
1577 1243 1658 1307 τὴν
1692 1241 1744 1296 Ξῖ,
1780 1242 2049 1303 πρόσκειται
2083 1242 2135 1292 ἐν
2168 1243 2431 1305 ἀρσενικοῖς
2460 1244 2541 1291 διὰ
2578 1244 2629 1290 τὸ

252 1333 446 1396 ταρίχει,
482 1333 637 1391 πόλει,
673 1332 769 1380 ἀλλ’
802 1332 889 1381 οὐκ
920 1333 1167 1381 ἀντίκειται
1201 1334 1308 1396 ἡμῖν
1344 1333 1513 1397 ἐπειδὴ
1547 1332 1635 1379 οὐκ
1666 1331 1781 1380 εἰσιν
1814 1332 2036 1394 ἀρσενικὰ
2069 1333 2184 1381 ἀλλὰ
2225 1334 2432 1399 θηλυκὰ,
2483 1333 2635 1390 ἄλλως

251 1440 302 1470 τε
336 1423 413 1471 καὶ
446 1423 619 1472 σπάνια
652 1424 785 1471 ἅτινα
818 1422 905 1472 οὐκ
937 1421 1150 1486 ἔῤῥονται
1185 1420 1463 1484 (ἔρρωνται)
1499 1421 1570 1478 εἷς
1599 1423 1770 1471 κανόνα
1804 1428 1888 1471 aut
1921 1430 2036 1489 post
2054 1423 2170 1472 ἀλλὰ
2202 1423 2460 1475 excidisse
2478 1425 2630 1477 verba

249 1513 300 1560 τὸ
330 1514 420 1575 μὲν
453 1512 728 1575 οὐδέτερον,
773 1513 826 1561 τὸ
869 1513 928 1562 δὲ
960 1513 1185 1578 θηλυκόν,
1239 1519 1322 1562 aut
1357 1528 1526 1562 nomen
1565 1512 1744 1576 ταρίχει
1779 1521 1963 1563 temere
1999 1512 2093 1564 linc
2127 1529 2195 1564 ex
2229 1514 2326 1565 alio
2361 1514 2626 1581 irrepsisse

248 1605 363 1654 loco
414 1603 461 1653 iu
498 1619 591 1670 quo
627 1619 689 1653 ne
725 1603 803 1654 sic
836 1602 1027 1670 quidem
1064 1602 1293 1670 scriptum
1329 1610 1474 1653 esset
1515 1602 1608 1653 sed
1650 1602 1819 1668 ταρίχη
1870 1600 2017 1668 idque
2059 1602 2107 1652 in
2153 1603 2420 1671 exemplum
2468 1604 2627 1656 erasis

246 1694 515 1745 canonicae
561 1694 610 1743 in
656 1693 694 1763 ἦῖ
763 1693 1009 1744 Omittitur
1050 1700 1189 1745 certe
1235 1693 1281 1742 iu
1330 1693 1512 1743 Auecd.
1556 1694 1716 1744 Bekk.
1763 1696 1909 1745 11:1⁰.
1957 1702 2008 1745 et
2053 1695 2199 1745 1190.
2239 1693 2504 1757 εὑρίσκεται
2548 1696 2627 1746 καὶ

244 1788 276 1852 ἡ
312 1786 353 1841 ᾗ
393 1786 459 1835 τὼ
504 1786 636 1834 πόλει
679 1784 812 1848 παρὰ
853 1788 922 1849 τῷ
952 1783 1139 1850 Αἰσχίνῃ
1175 1790 1271 1834 etc.
1300 1800 1392 1834 ‘ex
1435 1800 1529 1850 quo
1566 1784 1885 1849 cognoscitur
1927 1784 1974 1834 in
2010 1783 2193 1835 Choer.
2228 1786 2343 1836 337.
2383 1788 2416 1850 ἡ
2462 1785 2627 1836 εὐθεῖα

248 1880 338 1927 τῶν
372 1877 685 1943 πληθυντικῶν
718 1874 843 1925 ἔστιν
883 1875 965 1924 ὅτε
1007 1878 1293 1939 συναιρεῖται
1336 1876 1401 1923 τὼ
1431 1875 1628 1942 βασιλῆ,
1682 1874 1748 1922 τὼ
1795 1874 1915 1941 πόλη
1961 1876 2058 1938 παῤ
2092 1874 2277 1940 Αἰσχίνῃ
2320 1874 2625 1928 scribendum

248 1983 367 2018 esse
402 1965 525 2016 ἔστιν
558 1968 638 2017 ὅτε
673 1967 956 2030 συναιρεῖται
990 1966 1063 2023 εἰς
1093 1966 1126 2034 ἦ
1152 1966 1348 2032 βασιλῆ,
1384 1964 1593 2020 σπανίως
1621 1964 1681 2012 δὲ
1715 1964 1787 2020 εἷς
1816 1963 1857 2019 ἶ.
1892 1965 2038 2025 πόλει,
2075 1981 2234 2031 eoque
2269 1965 2412 2015 modo
2447 1967 2624 2016 librarii

246 2059 292 2106 in
328 2057 425 2107 hoc
459 2072 610 2122 opere
646 2057 847 2123 saepius
881 2062 1145 2122 peccarunt
1192 2055 1430 2105 vocabula
1480 2070 1548 2104 ex
1600 2054 1698 2104 alio
1748 2055 1861 2105 loco
1915 2056 1961 2105 in
2014 2055 2155 2105 alium
2207 2056 2621 2107 transfundentes.

246 2148 411 2212 ltaque
446 2147 764 2213 improbamus
799 2145 859 2196 G.
881 2145 1115 2196 Dindorfii
1149 2145 1441 2196 sententiam
1484 2144 1563 2210 qui
1605 2143 1653 2193 in
1689 2143 1844 2195 Thes.
1880 2145 1942 2196 T.
1981 2144 2061 2195 Vl.
2102 2145 2244 2196 1348.
2287 2146 2348 2196 A.
2383 2145 2622 2196 Aeschini

243 2245 292 2287 et
325 2237 604 2305 promiscue
640 2236 820 2287 Atticis
855 2237 974 2302 πύλη
1009 2235 1169 2286 tribuit
1202 2214 1310 2286 et&
1341 2234 1648 2286 Grammatici
1683 2233 1808 2285 lianc
1843 2234 2227 2286 terminationem
2265 2235 2475 2286 Graecis
2511 2237 2617 2286 uni-

240 2343 389 2378 verse
424 2326 704 2378 adscribunt
738 2328 1026 2393 Δημοσθένη,
1057 2327 1246 2393 βασιλῆ,
1285 2325 1403 2391 πάλη
1438 2323 1619 2376 Choer.
1656 2324 1771 2387 230,
1805 2326 1887 2376 27.
1922 2333 1976 2378 et
2009 2327 2089 2376 all.
2124 2326 2251 2376 locc.
2319 2322 2494 2374 Forma
2528 2343 2617 2376 na-

242 2426 344 2467 ttva
378 2424 458 2468 est
487 2417 743 2482 Ἰσσκρᾴτεε
785 2419 851 2466 τὼ
879 2419 1056 2483 ῥήτορε
1098 2417 1292 2467 Theon.
1328 2417 1478 2482 Prog.
1515 2416 1577 2465 V.
1622 2432 1668 2482 p.
1700 2416 1800 2467 210
1844 2417 1890 2467 in
1930 2418 2097 2467 VValz.
2135 2415 2223 2464 Rh.
2261 2415 2323 2463 A.
2358 2415 2419 2465 Τ.
2458 2416 2487 2465 Ι.
2563 2418 2613 2466 ln

242 2510 383 2557 πόλεε
418 2508 577 2558 Thuc.
611 2524 780 2559 omues
816 2508 960 2558 codd.
998 2509 1324 2559 consentiunt.
1388 2537 1442 2545 —

376 2598 717 2649 Nominativos
743 2599 792 2648 in
812 2600 858 2654 ἵε
878 2605 1121 2649 exeuntes
1153 2597 1298 2663 epici,
1319 2597 1413 2646 nisi
1432 2603 1628 2647 metrum
1651 2597 1829 2660 obstat,
1863 2604 2064 2649 servant
2100 2596 2366 2646 immutatos
2399 2597 2446 2646 in
2465 2599 2617 2664 primo

242 2705 415 2739 versus
451 2686 582 2755 pede
621 2687 845 2753 πρηνέες,
894 2687 942 2737 in
989 2691 1161 2752 quarto
1197 2685 1442 2749 ἐπαρτέες,
1477 2686 1735 2750 ποδωκέες,
1789 2688 1838 2738 in
1872 2685 2093 2755 proximo
2130 2685 2387 2744 ἐπιδευέες.
2438 2686 2516 2738 01)
2562 2688 2610 2736 id

243 2779 290 2828 in
328 2779 545 2830 clausula
586 2787 661 2829 ter
697 2777 908 2845 repetita
946 2776 1024 2826 καέ
1060 2777 1113 2825 αἱ
1145 2776 1340 2842 νηλιτεῖς
1370 2777 1477 2839 (vel
1514 2777 1762 2843 νηλειτεῖς)
1816 2777 1906 2825 ἐισι
1940 2776 2150 2826 nonnulli
2184 2777 2398 2828 sortasse
2434 2782 2611 2844 dacty-

241 2870 333 2919 lum
373 2869 578 2934 νηλιτέες
624 2873 990 2936 supposuerunt
1028 2871 1168 2933 cujus
1207 2867 1429 2917 indicium
1466 2869 1800 2933 qualecunque
1845 2866 2048 2932 praebet
2098 2865 2383 2933 Hesychius
2427 2868 2618 2932 Νηλιτές

240 2961 565 3024 ἀναμάρτητοι.
639 2961 693 3008 lu
728 2958 825 3008 Od.
860 2958 992 3008 XlV.
1029 2959 1142 3007 ⁶255.
1180 2963 1301 3023 νηῶν
1337 2961 1578 3024 πημάνθη,
1633 2957 1728 3005 ἀλλ’
1768 2956 1999 3012 ἀσκεθέες
2045 2958 2122 3005 καὶ
2172 2957 2360 3005 ἄνουσοι
2403 2965 2608 3021 quatuor

240 3050 561 3114 spondent-um
597 3050 881 3100 antecessio
917 3049 1175 3099 obstitisse
1210 3048 1402 3097 videtur
1453 3065 1514 3099 ue
1567 3048 1676 3112 quis
1711 3046 1934 3112 ἀσκηθεῖς
1963 3049 2219 3109 scriberet,
2253 3047 2346 3096 sed
2380 3048 2491 3113 quia
2526 3066 2606 3098 so-

241 3140 330 3187 lum
382 3140 595 3206 ἀσκηθής
643 3139 882 3197 noscitur,
935 3153 1060 3189 nuuc
1094 3137 1334 3204 ἀσκηθέες
1364 3139 1588 3190 scribitur
1623 3137 1880 3202 synam-esi
1914 3144 2204 3190 excusatum
2240 3138 2308 3187 cf.
2343 3137 2605 3190 Thiersch.

240 3246 284 3294 p.
325 3230 432 3291 193,
465 3247 511 3296 p.
544 3230 660 3281 3⁰2³.
695 3228 984 3281 Proeoniim
1019 3227 1298 3296 personalia
1330 3228 1478 3293 ἡμέες
1517 3232 1571 3278 et
1603 3227 1766 3289 ὑμέες,
1816 3240 1940 3293 quae
1983 3228 2094 3279 olim
2140 3225 2270 3295 apud
2304 3226 2601 3279 Herodotum
2653 3270 2658 3275 .
