2944 3754
1468 259 1507 305 lt

305 394 457 457 Τρωσί
472 411 523 444 τε
540 394 615 442 καὶ
636 394 815 458 Τρωῇσι
834 391 981 445 XXII.
998 392 1099 444 434
1129 398 1178 442 et
1197 392 1274 443 sic
1291 392 1466 457 ubique
1490 392 1646 455 Τρωαί
1659 399 1711 442 et
1733 392 1893 454 Τρωάς
1908 392 1975 441 lll.
1995 394 2109 446 384.
2128 393 2240 444 4⁶2⁰.
2262 394 2405 445 XXll.
2425 396 2539 446 434.
2557 400 2672 449 476.

300 483 491 534 0d.1V.
513 485 610 534 250
629 490 724 534 etc.
769 482 958 534 Minore
994 499 1131 549 quam
1166 482 1250 532 ille
1287 481 1561 532 constantia
1579 481 1855 532 Dindorfius
1879 483 2058 548 Τρῳῇσι
2075 484 2178 533 κυσὶ
2198 482 2352 533 edidit
2369 485 2536 536 xvnl.
2561 487 2670 547 179,

299 575 392 626 sed
431 577 607 639 ,Τρωῇσι
644 574 788 624 xvn.
835 574 925 623 127
962 579 1014 625 et
1052 575 1238 636 Τρωούς
1269 573 1438 629 ἵππους
1468 572 1635 623 xxm.
1673 575 1785 625 291.
1829 572 1937 623 sine
1980 573 2081 624 iota
2114 582 2371 641 utrumque.
2442 576 2672 628 Praestat

299 665 423 714 haud
459 663 604 715 dubie
640 664 933 731 subscriptio
970 682 1001 713 a
1036 664 1296 731 synaeresi
1330 663 1568 730 profecta.
1623 663 1764 713 Haud
1802 663 1952 713 minus
1989 663 2267 715 discordiae
2304 671 2383 715 est
2417 664 2483 715 de,
2516 666 2671 718 Troa-

297 756 403 805 dum
438 755 654 817 nomine3
699 755 749 805 id
784 756 935 820 vulgo
976 756 1196 818 Τρωάδες
1227 754 1450 805 scribitur
1485 755 1568 803 Vl.
1606 756 1721 817 442,
1759 755 1857 817 Vll,
1893 757 2007 816 297,
2046 756 2173 806 XlV.
2209 756 2332 818 70⁴,
2377 756 2470 806 sed
2504 756 2669 808 horum

292 846 507 894 locorum
544 846 701 893 nullus
737 851 839 906 est,
890 845 939 893 iu
985 862 1078 910 quo
1121 861 1217 892 non
1262 861 1384 892 uuus
1428 844 1616 892 alterve
1664 845 1830 894 codex
1869 846 2109 906 Τρωϊάδας
2148 847 2400 907 exhibeat,
2450 846 2544 895 hoc
2589 855 2669 896 est

296 936 520 1000 Τρῳάδας
550 935 875 1002 trisyllabum,
927 934 1054 1001 quod
1089 934 1282 1002 proprie
1323 935 1546 997 Τροιάδες
1578 934 1835 985 dicendum
1871 942 1999 998 erat,
2052 942 2104 984 ut
2138 937 2271 986 urbis
2305 937 2460 1004 ipsius
2494 952 2667 988 nomen

295 1025 445 1088 Τροία,
482 1031 530 1075 et
568 1024 869 1092 diphthongo
888 1024 1082 1093 propria
1119 1025 1168 1074 iu
1203 1024 1504 1092 impropriam
1541 1031 1720 1075 mutata
1744 1026 1974 1089 Τρῳάδες,
2010 1025 2218 1093 simplex
2252 1041 2371 1078 vero
2409 1027 2594 1078 vocalis
2630 1026 2675 1081 ὦ

290 1116 466 1167 nomini
506 1116 663 1178 Τρώα,
715 1115 842 1166 unde
888 1116 1102 1166 nonnulli
1142 1116 1279 1178 Τροιά
1332 1116 1564 1166 extitisse
1619 1123 1809 1165 sumunt
1843 1124 2009 1184 trope,
2063 1124 2112 1166 ut
2146 1117 2455 1168 Herodianus
2507 1124 2666 1180 vocat,

288 1207 520 1258 boeotica
556 1207 618 1259 cf.
656 1205 859 1257 Elemm.
894 1207 1007 1259 450.
1078 1207 1130 1256 ln
1174 1205 1352 1261 fabulis
1386 1205 1711 1271 Tragicorum
1747 1206 1880 1261 'nunc
1925 1207 2096 1272 ubique
2138 1206 2243 1257 fere
2284 1207 2502 1271 Τρῳάδες
2541 1209 2665 1259 scri-

289 1297 414 1347 bitur
461 1295 553 1347 sed
590 1294 719 1346 Edd.
757 1295 1007 1359 antiquae,
1063 1312 1182 1359 quas
1218 1294 1466 1360 inspicere
1501 1295 1613 1345 mihi
1647 1295 1806 1356 licuit,
1861 1313 2187 1360 nonnunquam
2223 1295 2324 1345 iota
2358 1297 2575 1347 omittunt
2615 1305 2666 1347 ut

287 1388 569 1453 Stephanus
616 1387 697 1450 Aj.
732 1387 846 1435 819.
890 1387 1158 1434 Bai-nesius
1208 1386 1317 1434 Hel.
1354 1385 1467 1435 588.
1503 1385 1675 1446 (582.)
1722 1385 1957 1435 Matthiae
1993 1385 2176 1435 Troad.
2213 1386 2323 1435 288.
2380 1387 2473 1436 sed
2520 1387 2664 1437 iidem

284 1479 431 1526 multo
467 1478 667 1543 saepius
703 1476 1012 1524 subscribunt
1045 1477 1174 1524 nullo
1212 1484 1365 1537 certo,
1402 1483 1453 1523 ut
1470 1475 1676 1535 videtur,
1713 1476 1921 1524 consilio
1959 1476 2053 1524 sed
2072 1484 2324 1542 acceptum
2353 1478 2665 1542 aprioribus3

284 1576 334 1617 et
371 1568 577 1617 codices
612 1568 751 1634 ipsos
786 1567 913 1615 inter
948 1582 1006 1615 se
1044 1566 1354 1615 dissensisse
1389 1567 1632 1614 nonnullis
1666 1566 1793 1614 locis
1821 1566 2095 1615 adnotatum
2133 1579 2213 1619 est
2249 1574 2300 1615 ut
2322 1567 2437 1615 Eur.
2456 1568 2660 1617 fleam

281 1674 368 1726 pro
410 1659 628 1720 Τρωάδες
658 1657 703 1706 in
741 1657 923 1723 aliquot
957 1656 1094 1706 libris
1119 1657 1355 1718 Τρωιάδες
1385 1657 1481 1707 hoc
1517 1663 1596 1707 est
1620 1658 1850 1719 Τρῳάδες,
1886 1673 1992 1706 nam
2029 1657 2325 1723 trisyllabum
2364 1673 2484 1709 esse
2502 1665 2660 1725 patet3

282 1748 621 1812 contrarioque
658 1746 800 1794 modo
838 1747 891 1794 ll.
933 1747 1031 1794 vll.
1066 1747 1182 1794 ⁶297.
1227 1753 1338 1794 ante
1377 1747 1606 1794 VVolfium
1640 1747 1898 1810 legebatur
1936 1748 2162 1808 Τρῳάδες.
2236 1749 2291 1794 ln
2334 1747 2468 1796 libris
2504 1748 2661 1797 histo-

279 1840 486 1889 ricorum
520 1838 962 1903 frequentissimum
1000 1844 1081 1886 est
1114 1853 1287 1886 nomen
1326 1837 1545 1901 regionis
1580 1838 1794 1885 Homero
1829 1838 2045 1902 ignotum
2078 1840 2109 1902 ἡ
2148 1839 2312 1900 Τρωάς
2347 1842 2470 1887 Xen.
2504 1841 2660 1888 Anab.

276 1929 340 1977 V.
377 1931 426 1979 6.
465 1929 539 1977 1⁶2.
580 1929 716 1989 (24.)
754 1926 1030 1992 urbiumque
1074 1927 1121 1974 in
1166 1926 1261 1975 hac
1297 1927 1493 1975 sitarum
1538 1928 1569 1989 ἡ
1610 1926 1774 1988 Τρωὰς
1799 1926 2115 1989 Ἀλεξάνδρεια
2150 1920 2326 1993 Polyb.
2362 1929 2425 1977 V.
2465 1930 2575 1990 111,
2609 1929 2655 1976 3.

275 2019 424 2069 Paus.
457 2017 522 2068 X.
561 2019 638 2079 12,
678 2019 720 2066 1.
757 2016 812 2073 ἐς
842 2016 1060 2071 Κολώνας
1094 2016 1177 2072 τὰς
1213 2016 1438 2078 Τρωάδας
1469 2015 1624 2066 Thuc.
1670 2018 1710 2076 Ι,
1752 2015 1861 2064 131.
1904 2022 1958 2065 ut
1992 2032 2120 2066 nunc
2163 2023 2244 2067 est
2285 2033 2372 2084 pro
2420 2018 2660 2081 Τρωιάδας

274 2107 404 2173 quod
453 2114 505 2157 et
549 2105 694 2156 codd.
730 2105 947 2171 plerique
982 2106 1242 2171 praebent,
1295 2105 1392 2155 hoc
1426 2111 1584 2154 autem
1636 2120 1723 2171 pro
1764 2106 1984 2167 Τρῳάδες
2033 2106 2167 2155 valet
2218 2113 2269 2156 et
2322 2108 2417 2156 hoc
2467 2106 2655 2172 recepit

271 2198 535 2249 Bekkerus
580 2195 803 2262 idemque
839 2195 1180 2247 Lachmannus
1228 2196 1342 2246 Act.
1384 2197 1554 2262 Apost.
1592 2195 1743 2245 XVll.
1798 2211 1860 2245 ne
1902 2203 2164 2247 memorata
2207 2195 2397 2263 quidem
2439 2195 2651 2247 lectione

270 2287 511 2336 tralatitia.
561 2286 802 2352 Equidem
838 2285 931 2337 hos
967 2285 1188 2351 aliosque
1225 2286 1495 2352 scriptores
1533 2286 1570 2339 ὦ
1604 2285 1815 2351 simplex
1850 2291 1902 2335 et
1924 2286 2278 2352 pronunciasse
2300 2292 2366 2335 et
2382 2285 2647 2352 scripsisse

271 2377 472 2427 arbitror
525 2393 615 2426 seu
659 2375 865 2441 originis
910 2376 1088 2426 oblitos
1142 2392 1230 2425 seu
1275 2375 1493 2426 incertos
1546 2381 1762 2425 utrumne
1814 2392 1845 2424 a
1884 2376 2021 2436 Τροία
2057 2382 2209 2426 ortum
2245 2375 2312 2424 sit
2346 2391 2452 2425 cum
2486 2376 2644 2426 ectasi

274 2474 320 2514 et
354 2467 615 2532 synaeresi
649 2482 708 2513 an
747 2481 775 2512 a
816 2466 947 2527 Τρώς
981 2466 1129 2527 Τρώα,
1166 2464 1294 2530 quod
1328 2466 1377 2513 in
1413 2464 1525 2513 aliis
1560 2464 1876 2513 voluminibus
1913 2463 2124 2515 disserui
2156 2463 2318 2512 latius.

400 2558 618 2607 Alterum
654 2558 923 2623 scripturae
971 2557 1180 2622 duplicis
1225 2556 1498 2621 exemplum
1542 2563 1621 2605 est
1657 2557 1885 2619 ὗπερώιον
1940 2563 1992 2607 et
2026 2558 2262 2618 ὑπερῷον,
2308 2555 2521 2621 ὗπερῴη,
2566 2557 2643 2606 cui

271 2641 708 2697 Grammatiei'iota
744 2661 992 2697 consensu
1027 2644 1275 2696 vindicant
1309 2644 1357 2694 in
1391 2645 1524 2696 libris
1559 2645 1797 2711 religiose
1835 2644 2139 2707 custoditum,
2175 2644 2268 2696 sed
2304 2649 2430 2713 apud
2466 2649 2641 2712 poste-

267 2735 423 2786 riores
456 2736 581 2787 hand
617 2754 725 2788 raro
762 2736 1039 2803 neglectum
1075 2755 1119 2786 v.
1141 2736 1334 2787 Elemm.
1361 2737 1474 2786 452.
1502 2737 1562 2787 A.
1616 2737 1727 2787 Alia
1761 2737 1904 2802 hujus
1941 2740 2086 2786 notae
2122 2733 2364 2795 Ἀχελώιος,
2395 2736 2640 2801 μητρώιος,

262 2826 504 2887 πατρώιος,
523 2828 705 2889 πρώιος,
723 2827 846 2886 ὤιον,
866 2827 1001 2875 λώιον
1019 2842 1252 2891 nusquam
1272 2826 1623 2890 contrahuntur,
1641 2826 1947 2894 posteriores
1968 2841 2084 2876 vero
2104 2832 2283 2892 poetae
2303 2826 2428 2876 haec
2448 2831 2498 2875 et
2515 2824 2631 2875 talia

261 2915 325 2965 ad
359 2922 556 2966 metrum
591 2918 823 2984 dirigunt,
877 2918 1037 2968 solute
1083 2917 1362 2967 scribentes
1415 2915 1475 2965 ad
1503 2917 1812 2983 ,synaeresin
1857 2915 2158 2983 propendent
2201 2915 2430 2981 exceptis
2467 2915 2635 2982 paucis

259 3006 564 3056 mutabilibus
605 3008 729 3073 inter
780 3024 903 3073 quae
950 3008 1154 3058 excellit
1199 3005 1476 3056 adverbium
1517 3007 1753 3073 temporis
1798 3007 1849 3055 τὸ
1892 3008 1997 3069 πρώ
2041 3009 2138 3069 παῤ
2179 3007 2384 3061 Ἀττικοῖς
2423 3007 2632 3060 ὀξύνεται

259 3097 365 3144 ἐπεὶ
400 3098 456 3144 ἐκ
492 3098 574 3143 τοῦ
610 3099 732 3157 πρωΐ
760 3097 1038 3160 ὀξυνομένου
1073 3099 1190 3146 κατὰ
1225 3097 1485 3158 συναιρεσιν
1521 3099 1689 3160 γέγονε
1721 3098 1897 3146 Joann.
1935 3097 1999 3147 de
2018 3098 2141 3147 Acc.
2176 3114 2222 3161 p.
2249 3097 2330 3157 32,
2364 3099 2397 3146 6
2433 3104 2483 3146 et
2503 3113 2631 3147 corn-

252 3187 419 3254 plure's
457 3202 607 3253 supra
648 3187 694 3235 in
729 3190 885 3255 Apoc.
924 3188 1070 3239 citati.
1145 3187 1419 3254 Principale
1453 3189 1612 3239 fuisse
1649 3187 1841 3239 videtur
1875 3190 1978 3237 ποώ
2015 3187 2093 3239 cui
2128 3202 2242 3237 mot
2274 3186 2495 3237 accessit
2528 3187 2628 3235 iota
